2717 4300
320 305 426 363 172
1115 299 1483 356 AENEIDOS

318 453 535 530 Lucus,
564 460 624 511 et
648 450 910 509 obscuris
938 450 1217 509 claudunt
1242 448 1601 513 convallibus
1627 450 1868 509 umbroe.

321 534 439 592 Sed
465 551 582 591 non
612 527 744 589 ante
774 531 937 587 datur
964 529 1183 587 telluris
1211 534 1410 605 operta
1433 527 1645 603 subire,
2178 536 2290 590 140

320 613 663 670 Auricomos
692 606 874 685 quam
895 608 1024 684 quis
1052 606 1405 683 decerpserit
1432 606 1631 663 arbore
1657 605 1845 666 foetus.

320 691 454 748 Hoc
482 688 593 746 sibi
618 687 863 764 pulchra
888 705 1056 745 suum
1083 685 1217 743 ferri
1245 685 1592 760 Proserpina
1618 703 1826 744 munus

322 767 593 826 Instituit.
675 764 873 823 Primo
902 764 1119 838 avu1s0,
1149 782 1266 820 non
1295 763 1493 821 deficit
1519 763 1661 820 alter

320 847 546 904 Aureus
567 863 584 917 ;
628 850 687 901 et
712 842 887 900 simili
912 842 1226 900 frondescit
1251 843 1413 917 virga
1439 840 1691 899 metallo.

320 923 481 999 Ergo
504 919 617 980 alte
646 921 869 997 vestiga
894 921 1098 995 oculiS,
1128 928 1188 978 et
1212 917 1318 978 rite
1348 928 1639 998 repertum
2174 926 2289 981 145

320 1002 510 1079 Carpe
537 1018 713 1058 manu
737 1018 751 1056 ε
795 1018 1045 1076 namque
1072 1000 1198 1077 ipse
1225 998 1428 1056 volens
1454 997 1754 1075 facilisque
1784 1006 2079 1077 sequetur,
2314 1018 2319 1029 ·

324 1079 387 1138 Si
414 1088 472 1138 te
493 1080 609 1137 fata
633 1086 881 1151 vocant3
926 1079 1107 1153 aliter,
1138 1096 1253 1135 non
1280 1076 1499 1134 viribus
1525 1077 1660 1135 ullis

319 1158 594 1232 Vincere,
622 1175 733 1213 nec
760 1156 902 1214 duro
927 1158 1144 1233 poteris
1173 1156 1501 1213 convellere
1528 1155 1695 1213 ferro·

320 1236 613 1294 Praeterea
631 1237 791 1314 jacet
817 1235 1148 1292 exanimum
1177 1233 1282 1292 tibi
1309 1253 1516 1310 corpus
1546 1234 1737 1310 amici,

321 1314 461 1371 Heu
489 1315 714 1372 nescis!
758 1321 1051 1390 totamque
1079 1314 1323 1371 incestat
1350 1312 1551 1371 funere
1580 1312 1844 1390 classem,
2175 1320 2293 1373 150

320 1392 481 1450 Dum
508 1391 772 1450 consulta
797 1392 969 1468 petiS,
999 1399 1306 1468 nostroque
1335 1391 1394 1448 in
1423 1390 1624 1448 limine
1650 1395 1874 1469 pendes

323 1470 573 1528 Sedibus
599 1471 758 1527 hunc
784 1468 934 1527 refer
960 1468 1092 1529 ante
1116 1470 1252 1543 suis,
1283 1477 1343 1526 et
1369 1469 1555 1527 conde
1583 1471 1867 1547 sepulcro.

322 1548 458 1606 Duc
484 1550 676 1624 nigras
702 1549 995 1624 pecudes;
1039 1567 1110 1605 ea
1133 1548 1321 1625 prima
1345 1546 1576 1623 piacula
1601 1557 1788 1608 sunto.

325 1626 423 1685 Sic
453 1628 685 1684 demum
712 1626 875 1683 lucos
905 1626 1153 1701 Stygios,
1183 1643 1359 1701 regna
1385 1625 1544 1683 invia
1566 1626 1736 1703 viviS,
1805 1648 1812 1655 ·

322 1703 646 1781 Adspicies.
689 1704 875 1778 Dixit,
947 1722 1217 1780 ressoque
1246 1702 1535 1763 obmutuit
1559 1720 1677 1763 ore.
2177 1711 2293 1765 155

399 1783 623 1840 AEneas
650 1790 854 1839 moesto
922 1783 1110 1840 efixus
1136 1782 1357 1840 lumina
1381 1782 1543 1840 vultu
1920 1786 1933 1796 ’

323 1858 664 1936 Ingreditur,
693 1860 960 1938 linquens
988 1874 1236 1936 antrum,
1263 1879 1561 1938 caecosque
1587 1860 1808 1923 volutat

322 1938 588 1997 Eventus
615 1939 807 1996 animo
835 1958 1065 1998 secum:
1108 1940 1205 1997 cui
1232 1939 1382 1996 fidus
1409 1939 1665 1998 Achates
1701 1942 1726 1989 Ἀ

323 2015 379 2083 It
405 2035 621 2091 comes,
651 2023 711 2083 et
732 2017 966 2094 paribus
994 2019 1143 2075 curis
1169 2017 1415 2093 vestigia
1441 2018 1582 2094 figit.

321 2094 515 2154 Multa
539 2095 691 2154 inter
717 2113 845 2154 sese
872 2096 1029 2153 vario
1059 2106 1323 2155 sermone·
1350 2096 1651 2156 serebant:
2175 2103 2293 2159 160

324 2173 520 2244 Quem
549 2175 769 2233 socium
798 2175 1126 2244 exanimem
1151 2179 1332 2250 vates,
1363 2175 1519 2250 quod
1547 2195 1757 2269 corpus
1775 2174 2161 2254 humandum,

321 2251 578 2324 Diceret.
659 2254 851 2329 Atque
878 2253 964 2310 illi
991 2253 1291 2311 Misenum
1319 2253 1380 2311 in
1408 2253 1596 2313 littore
1627 2274 1799 2330 sxcco,

322 2330 409 2389 Ut
433 2330 668 2405 venere,
695 2332 914 2405 vident,
942 2332 1182 2407 indigna
1208 2340 1392 2390 morte
1416 2344 1817 2409 peremptum3

322 2407 620 2470 Misenum
647 2408 943 2482 AEoliden‚
974 2429 1087 2485 quo
1114 2430 1230 2467 non
1256 2410 1617 2486 praestantior
1643 2411 1786 2469 alter

322 2483 470 2544 .AEre
499 2488 655 2545 ciere
680 2488 852 2561 viros,
882 2485 1249 2563 Martem'que
1279 2489 1599 2546 accendere
1627 2497 1819 2546 cantu.
2180 2494 2296 2548 165

324 2563 596 2622 Hectoris
621 2565 718 2622 hic
744 2566 939 2638 magni
967 2565 1151 2622 fuerat
1173 2584 1374 2622 comes
1398 2585 1412 2622 ε
1456 2566 1714 2624 Hectora
1740 2567 1957 2625 circum

324 2642 407 2700 Et
432 2642 574 2701 lituo
599 2661 822 2719 pugnas
851 2642 1091 2717 insignis
1119 2642 1313 2700 obibat
1340 2651 1399 2700 et
1424 2642 1607 2701 hasta.

325 2719 639 2797 Postquam
666 2719 829 2777 illum
855 2720 976 2778 vita
1002 2720 1187 2778 victor
1216 2720 1484 2798 spoliavit
1508 2720 1791 2798 Achilles,

326 2797 621 2856 Dardanio
646 2798 858 2856 AEneae
887 2816 1015 2856 sese
1041 2797 1382 2856 fortissimus
1408 2798 1578 2857 heros
2108 2871 2113 2878 .

324 2876 644 2934 Addiderat
669 2874 909 2951 socium,
937 2895 1055 2933 non
1083 2877 1352 2936 inferiora
1379 2886 1627 2938 secutus.
2181 2884 2298 2939 170

329 2955 446 3012 Sed
476 2963 597 3013 tum
623 2951 770 3011 sorte
797 2955 941 3012 cava
968 2955 1105 3013 dum
1131 2966 1404 3033 personat
1429 2976 1657 3034 aequora
1684 2956 1928 3034 concha,

327 3033 609 3109 Demens,
639 3040 698 3090 et
724 3042 895 3091 cantu
923 3043 1093 3093 vocat
1118 3035 1178 3093 in
1207 3036 1520 3094 certamina
1547 3037 1743 3109 divos3

327 3111 604 3170 AEmulus
632 3121 938 3188 exceptum
966 3111 1170 3171 Triton
1207 3113 1286 3192 (si
1314 3116 1548 3173 credere
1577 3115 1813 3190 dignum
1841 3112 1961 3189 est)

329 3189 488 3252 Inter
516 3210 655 3249 saxa
679 3191 867 3249 virum
896 3194 1163 3268 spumosa
1192 3193 1550 3252 immerserat
1573 3193 1746 3251 unda.
1768 3237 1803 3277 ·

328 3268 486 3344 Ergo
515 3289 716 3328 omnes
745 3289 953 3344 magno
982 3268 1198 3328 circum
1225 3271 1477 3330 clamore
1503 3270 1845 3346 fremebant,
2184 3275 2298 3330 175

326 3344 629 3424 Praecipue
657 3348 788 3424 pius
815 3349 1055 3407 AEneaS.
1140 3349 1293 3408 Tum
1312 3352 1480 3427 jussa
1509 3349 1764 3426 Sibyllae,

330 3422 509 3481 Haud
536 3444 712 3500 mora,
740 3427 1014 3487 festinant
1039 3428 1244 3487 flentes
1267 3448 1284 3502 ;
1329 3447 1596 3505 aramque
1618 3425 1866 3504 sepulcri

331 3500 662 3577 Congerere
690 3504 1002 3581 arboribus,
1032 3507 1308 3584 coeloques
1325 3508 1570 3565 educere
1598 3514 1835 3564 certant.

330 3577 454 3646 Itur
478 3580 540 3637 in
568 3581 858 3657 antiquam
888 3583 1110 3659 silvam,
1139 3585 1363 3643 stabula
1390 3586 1503 3643 alta
1528 3583 1809 3643 ferarum:

329 3656 729 3718 Procumbunt
754 3660 971 3736 piceae3
1016 3672 1182 3720 sonat
1206 3664 1321 3722 icta
1347 3661 1643 3722 securibus
1669 3662 1825 3739 ile13
2187 3666 2299 3721 180

330 3736 752 3811 Fraxineaeque
780 3737 986 3812 trabes,
1017 3742 1216 3798 cuneis
1246 3750 1304 3800 et
1330 3742 1507 3799 fissile
1534 3740 1706 3800 robur

333 3814 664 3887 Scinditur3
708 3814 1021 3874 advolvunt
1045 3817 1309 3893 ingentes
1338 3818 1630 3880 montibus
1657 3838 1847 3880 ornos.
