2717 4300
1178 330 1410 387 LIBER
1446 331 1517 387 X.

370 474 550 534 Hunc
577 484 771 552 tegere
798 477 1021 541 et‘dirae
1048 478 1273 537 valeam
1301 480 1626 539 subducere
1647 501 1877 559 pugnae.

370 554 483 613 Est
508 555 812 631 Amathus,
842 564 929 614 est
956 557 1113 614 celsa
1137 559 1279 616 mihi
1307 560 1562 636 Paphus,
1594 570 1765 636 atque
1793 562 2066 640 Cythera,
2113 586 2120 591 ·

371 632 686 708 Idaliaeque
713 635 952 707 domus;
991 637 1193 716 positis
1219 637 1495 711 inglorius
1522 640 1693 704 armis
1735 707 1740 710 ¹

369 710 588 787 Exigat
614 711 712 769 hic
743 721 967 770 aevum:
1013 715 1223 789 magna
1251 716 1468 773 ditione
1487 716 1690 794 jubeto

368 789 660 864 Carthago
687 801 909 867 premat
934 793 1256 854 Ausoniam
1279 812 1296 866 3
1339 794 1485 852 nihil
1516 795 1748 872 urbibus
1775 795 1914 853 inde
2005 807 2012 814 “

367 867 637 927 Obstabit
662 870 871 945 Tyriis.
956 870 1117 941 Quid
1141 877 1366 947 pestem
1392 874 1638 932 evadere
1664 873 1803 932 belli

366 946 552 1028 Juvit,
577 954 638 1004 et
661 948 962 1023 Argolicos
989 950 1247 1007 mediu‘m
1275 949 1490 1024 fugisse
1516 969 1624 1026 pe}-
1635 950 1831 1027 ig'neS,

370 1024 601 1100 Totque
629 1028 803 1084 maris
830 1034 1123 1102 vastaeque
1150 1027 1433 1085 exhausta
1457 1029 1715 1104 pericula
1738 1038 1923 1104 terrae,

370 1102 531 1159 Dum
558 1104 792 1161 Latium
821 1105 1036 1162 Teucri
1061 1103 1429 1183 recidivaque
1458 1108 1741 1182 Pergama
1766 1109 2069 1183 quaerunt?

372 1181 433 1239 N
436 1200 509 1238 on
537 1182 714 1240 satius
741 1183 964 1240 cineres
990 1179 1189 1259 patriae
1215 1184 1499 1248 insedisse
1527 1204 1844 1263 supremos,

371 1259 565 1337 Atque
592 1261 779 1321 solum
807 1280 922 1337 quo
951 1262 1128 1340 Troja
1151 1262 1299 1320 fuit?
1380 1263 1687 1321 Xanthum*
1712 1272 1772 1322 et
1800 1264 2098 1322 Simoenta

370 1338 598 1413 Redde,
628 1358 746 1414 oro,
775 1340 998 1397 miseris
1020 1359 1052 1412 3-
1079 1341 1404 1416 iterumque
1431 1342 1726 1399 revolvere
1754 1361 1921 1399 casus

371 1417 485 1491 Da,
512 1425 692 1494 pater,
724 1419 933 1475 Iliacos
960 1418 1220 1476 Teucris·
1304 1418 1462 1476 Tum
1491 1420 1648 1495 regia
1670 1421 1843 1495 Juno,

369 1497 520 1555 Acta
543 1496 734 1554 furore
760 1496 958 1571 gravii
1003 1496 1161 1567 Quid
1189 1515 1282 1554 me
1310 1498 1426 1556 alta
1450 1496 1679 1556 silentia
1703 1499 1862 1575 cogis

368 1574 686 1651 Rumpere,
717 1584 774 1632 et
800 1575 1113 1633 obductum
1140 1575 1330 1633 verbis
1355 1577 1595 1652 vulgare
1621 1573 1877 1646 dolorem
1893 1579 1920 1634 ἓ

369 1652 596 1728 AEnean
626 1653 924 1711 hominum
951 1655 1252 1731 quisquam
1280 1654 1558 1717 divamve
1586 1656 1815 1732 subegit

370 1730 538 1790 Bella
564 1732 750 1808 sequi,
781 1742 879 1789 aut
903 1732 1131 1790 hostem
1158 1732 1281 1807 regi
1308 1752 1372 1791 se
1398 1734 1608 1792 inferre
1635 1736 1884 1793 Latino?

371 1808 596 1867 Italiam
618 1811 754 1868 fatis
779 1811 949 1887 petiit
972 1811 1317 1886 auctoribus,
1348 1822 1491 1887 estc,
1627 1813 1638 1818 “
1765 1880 1768 1885 .

368 1887 708 1947 Cassandrae
735 1889 1020 1966 impulsus
1045 1890 1225 1948 furiis.
1302 1890 1473 1968 Num
1501 1891 1762 1967 linquere
1790 1900 1975 1950 castra

371 1966 602 2034 Hortati
628 1986 845 2043 sumus,
875 1975 972 2042 aut
997 1969 1172 2026 vitam
1201 1970 1561 2027 committere
1586 1970 1822 2028 ventis?

368 2044 531 2103 Num
561 2064 742 2122 puero
770 2065 1055 2104 summam
1083 2046 1409 2122 belli,·num
1438 2048 1672 2108 credere
1699 2051 1934 2107 muros?

370 2122 806 2200 Tyrrhenamve
833 2125 1010 2182 fidem
1039 2133 1137 2184 aut
1162 2134 1364 2200 gentes
1391 2127 1606 2202 agitare
1631 2128 1899 2204 quietas?

371 2202 521 2273 Quis
549 2205 692 2265 deus
718 2204 779 2260 in
807 2204 1084 2277 fraudem,
1114 2223 1241 2280 quoe
1271 2205 1698 2280 durapotentia
1722 2208 1902 2264 nostri
1955 2260 1965 2265 ,

369 2281 550 2356 Egit?
578 2282 691 2340 aubi
719 2281 815 2340 hic
839 2283 1013 2357 Juno,
1041 2282 1367 2340 demissave
1394 2283 1645 2340 nubibus
1675 2284 1822 2340 Iris?
1873 2350 1877 2357 ¹

298 2406 304 2410 .
372 2359 680 2436 Indignum
707 2368 795 2418 est
825 2361 998 2421 Italos
1026 2362 1265 2439 Trojam'
1290 2362 1645 2419 circumdare
1670 2362 1916 2420 flammis

370 2438 746 2514 Nascentem,
776 2449 836 2498 et
859 2441 1043 2516 patria
1062 2439 1338 2497 Turnum
1368 2440 1680 2502 con-sistere
1707 2441 1874 2516 terra,

370 2516 483 2574 Cui
512 2517 812 2585 Pilumnus
842 2537 1002 2592 avus,
1030 2518 1288 2576 cui>diva
1313 2518 1795 2594 VeniliaNmater:

369 2595 530 2666 Quid
557 2596 682 2653 face
710 2597 991 2675 Trojanos
1019 2597 1147 2655 atra.
1165 2597 1285 2654 vim
1314 2597 1463 2655 ferre
1490 2599 1732 2673 Latinis,

278 2735 289 2748 ,
369 2676 526 2732 Arva
552 2674 739 2732 aliena
757 2677 898 2753 jugo
925 2693 1203 2753 premere,
1233 2680 1404 2753 atque
1433 2685 1688 2741 avertere
1714 2676 1982 2754 praedas?

371 2752 530 2823 Quid
557 2771 784 2811 soceros
812 2755 1023 2829 legere,
1052 2763 1110 2826 et
1135 2756 1370 2829 gremiis
1397 2754 1683 2814 abducere
1710 2762 1952 2832 pactas3

369 2832 585 2889 Pacem
613 2851 770 2889 orare
800 2851 996 2907 manu,
1012 2833 1320 2909 “praefigere
1344 2835 1638 2911 puppibus
1666 2836 1861 2892 arma?

370 2909 464 2967 Tu
491 2919 654 2986 potes
683 2910 912 2967 AEnean
940 2910 1204 2976 manibus
1230 2911 1553 2970 subducere
1581 2912 1841 2987 Graium,

369 2988 596 3065 Proque
623 2989 746 3047 viro
775 2987 1047 3047 nebulam
1076 2996 1136 3045 et
1158 2998 1365 3047 ventos
1391 2989 1704 3047 obtendere
1731 2991 1965 3063 inanes3

371 3067 454 3125 Et
477 3077 639 3144 potes
666 3067 726 3124 in
761 3067 1001 3125 totidem
1030 3066 1275 3124 classem
1304 3062 1640 3126 converteoe
1667 3069 1977 3146 Nymphas
2001 3089 2015 3126 ε
2101 3076 2106 3080 ’

368 3145 497 3204 Nos
527 3146 739 3223 aliquid
765 3144 1017 3204 Rutulos
1045 3143 1244 3203 eontra
1264 3145 1488 3223 juvisse
1516 3147 1830 3205 nefandum
1858 3149 1990 3205 est?

370 3223 589 3282 AEneas
615 3225 849 3300 ignarus
876 3224 1070 3282 abest:
1114 3224 1348 3301 ignarus
1377 3232 1437 3282 et
1462 3225 1625 3282 absit.
1837 3242 1840 3245 “
2040 3246 2046 3251 ·

369 3302 483 3361 Est
510 3303 747 3381 Paphus
776 3303 1136 3379 Idaliumque
1164 3302 1288 3377 tibi,
1319 3312 1454 3361 sunt
1479 3303 1593 3361 alta
1618 3303 1876 3379 Cythera
1896 3321 1920 3358 :-

373 3382 532 3451 Quid
560 3382 850 3456 gravidam
877 3382 1045 3440 bellis
1072 3380 1274 3439 urbem
1304 3389 1364 3453 et
1389 3382 1561 3440 corda
1585 3389 1791 3458 aspera
1815 3382 2042 3438 tentas?
2087 3404 2090 3407 ·

369 3460 574 3519 Nosne
601 3461 705 3519 tibi
730 3459 916 3518 fluxas
938 3459 1216 3536 Phrygiae
1243 3478 1337 3521 res
1364 3468 1583 3517 vertere
1610 3459 1788 3516 fundo

370 3539 706 3597 Conamur?
749 3541 895 3596 nos?
938 3558 1012 3596 an
1040 3540 1278 3597 miseros
1306 3538 1407 3615 qui
1431 3538 1615 3595 Troas
1635 3536 1877 3599 Achivis

371 3617 641 3696 Objecit?
712 3618 861 3689 Quae
891 3636 1065 3676 causa
1090 3617 1196 3675 fuit
1221 3633 1567 3692 consurgere
1596 3615 1654 3672 in
1684 3634 1841 3673 arma
1894 3684 1900 3694 ι

370 3697 781 3773 Europamque
809 3696 1143 3772 Asiamque,
1174 3706 1233 3755 et
1258 3697 1474 3754 foedera
1500 3695 1722 3762 solvere
1747 3693 1939 3753 surto‘d'

370 3775 475 3835 Me
504 3777 654 3833 duce
683 3774 1007 3837 Dardanius
1039 3775 1300 3850 Spartam
1331 3773 1686 3851 expugnavit
1707 3774 1935 3833 adulter
1954 3774 1994 3830 ἓ.

368 3857 491 3913 Aut
515 3873 624 3931 ego
651 3852 768 3912 tela
794 3852 949 3927 dedi,
978 3851 1167 3910 fovive
1195 3855 1468 3931 cupidine
1498 3852 1688 3909 bella?
1847 3865 1852 3869 ’

685 3937 755 3989 21
786 3932 818 3963 ““’

2223 323 2340 394 w

2258 489 2337 542 50

2254 1269 2331 1322 60

2239 1653 2333 1712 'ss
2442 1728 2448 1735 Ι

2193 2087 2204 2094 Ι
2254 2052 2336 2105 ⁷0

2181 2444 2333 2505 ‚75
