2717 4300
1225 368 1536 428 ECLOGA
1573 370 1673 428 VI.
2358 377 2431 438 19

461 512 750 594 Incipiunt
773 516 936 577 silvie
963 528 1141 594 quum
1168 518 1419 596 primum
1448 541 1701 598 surgere,
1731 542 2023 602 quumque

459 593 618 651 Rara
640 614 744 672 per
769 596 994 672 ignotos
1023 607 1212 658 errent
1240 599 1510 658 animalia
1534 610 1778 661 montes.
2342 610 2424 668 40

541 672 700 731 Hinc
728 674 951 752 lapides
978 676 1215 752 Pyrrhae
1234 679 1443 755 jactos,
1475 679 1745 737 Saturnia
1770 699 1965 757 regna,

459 750 889 830 Caucasiasque
916 754 1089 813 refert
1112 755 1398 831 volucres,
1427 757 1759 833 furtumque
1786 757 2141 820 Promethei.

460 829 573 887 His
602 831 878 909 adJungit,
911 832 1106 908 Hylan
1133 842 1325 892 nautae
1354 854 1470 911 quo
1496 836 1653 894 fonte
1681 837 1947 896 relictum

459 907 860 983 Clamassent3
903 920 970 968 ut
997 911 1176 987 littus,
1205 930 1387 988 nus,
1416 920 1597 989 11an,
1627 934 1800 973 omne
1825 924 2073 977 sonaret.

457 984 557 1060 Et,
587 987 929 1046 fortunatam
958 989 1008 1046 si
1035 1009 1331 1068 nunquam
1361 1001 1620 1051 armenta
1644 993 1907 1070 fuissent,
2333 1000 2418 1057 45

457 1063 786 1142 Pasiphaen
814 1067 968 1125 nivei
996 1069 1210 1126 solatur
1237 1089 1431 1128 amore
1450 1072 1695 1148 juvenci
1718 1091 1732 1129 :

457 1143 553 1200 Ab
578 1146 591 1200 Ε
634 1145 794 1221 virgo
821 1146 1043 1222 infelix,
1072 1166 1203 1223 quae
1230 1156 1290 1209 te
1317 1149 1613 1207 dementia
1638 1150 1831 1228 cepit!

456 1221 736 1281 Proetides
762 1224 1082 1302 implerunt
1107 1225 1264 1285 falsis
1290 1227 1607 1302 mugitibus
1635 1248 1836 1304 agi-0⁸3

455 1302 535 1358 At
562 1321 675 1359 non
704 1312 821 1360 tam
848 1312 1049 1380 turpes
1075 1306 1373 1380 pecudum
1402 1314 1596 1364 tamen
1624 1306 1746 1364 ulla
1770 1315 1973 1366 secuta
1996 1314 2087 1368 eat

455 1378 837 1457 Concubitus,
868 1383 1134 1458 quamvis
1162 1383 1313 1441 collo
1340 1383 1629 1442 timuisset
1656 1393 1925 1462 aratrum,
2332 1391 2411 1448 50
2474 1442 2482 1451 .

455 1456 538 1514 Et
565 1457 721 1536 saepe
751 1461 811 1518 in
838 1461 954 1518 levi
982 1459 1286 1538 quaesisset
1311 1463 1758 1522 cornua-fronte.

452 1536 584 1594 Ah!
627 1539 786 1615 virgo
814 1534 1034 1618 infelix,
1064 1548 1126 1598 tu
1155 1559 1311 1598 nunc
1341 1541 1402 1598 in
1431 1542 1723 1601 montibus
1752 1561 1944 1603 erras:

457 1614 581 1691 llle,
610 1616 758 1675 latus
787 1619 1023 1676 niveum
1053 1619 1212 1676 molli
1238 1619 1781 1698 fultushyacintho,

457 1692 601 1752 llice
629 1697 736 1756 sub
765 1697 926 1773 nigra
951 1697 1235 1773 pallentes
1262 1699 1516 1759 ruminat
1540 1698 1766 1777 herbas,

457 1770 578 1833 Aut
598 1775 847 1852 aliquam
870 1776 929 1832 iu
949 1795 1157 1850 magno
1175 1778 1434 1854 sequitur
1453 1797 1643 1854 grege.
1688 1779 1977 1855 Claudite,
1994 1778 2315 1858 Nympha,
2328 1783 2407 1840 55

452 1855 696 1914 Dictaeae
724 1854 787 1912 N
788 1854 1040 1931 ymphae,
1068 1874 1372 1913 nemorum
1393 1859 1518 1934 jam
1547 1857 1798 1917 claudite
1825 1859 2042 1932 saltus3
2321 1862 2327 1867 ’

369 1963 373 1967 ·
452 1935 515 1992 si
545 1934 657 2009 qua
685 1930 826 1990 forte
856 1934 1039 1992 ferant
1065 1934 1249 1993 oculis
1276 1954 1406 1993 sese
1432 1935 1601 1993 obvia
1627 1936 1834 1995 nostris

450 2011 795 2071 Errabunda
817 2011 982 2070 bovis
1008 2013 1286 2088 vestigia:
1329 2013 1562 2072 forsitan
1591 2015 1778 2091 illum,

451 2094 572 2150 Aut
597 2089 778 2148 herba
807 2100 1044 2169 captum
1072 2088 1259 2169 viridi,
1290 2100 1389 2151 aut
1414 2102 1671 2152 armenta
1697 2102 1988 2172 secutum,

449 2171 774 2230 Perducant
800 2171 1005 2247 aliquae
1034 2170 1258 2229 stabula
1284 2172 1356 2229 ad
1387 2172 1668 2247 Gortynia
1691 2193 1905 2233 vacere.
2326 2173 2407 2233 60

526 2250 681 2308 Tum
712 2249 867 2307 canit
894 2250 1283 2326 Hesperidum
1312 2249 1572 2307 miratam
1601 2251 1752 2309 mala
1776 2252 2070 2328 puellamz

449 2329 602 2387 Tum
629 2327 1122 2386 Phaethontiadas
1152 2346 1349 2385 musco
1376 2327 1690 2387 circumdat
1715 2349 1922 2388 amarae

412 2421 416 2426 ·
449 2406 714 2482 Corticis,
743 2413 911 2482 atque
939 2406 1061 2464 solo
1087 2425 1353 2484 proceras
1381 2406 1550 2483 erigit
1574 2406 1753 2466 alnos.
1807 2433 1810 2438 ·

447 2485 600 2546 Tum
627 2486 782 2543 canit
808 2494 1091 2543 errantem
1116 2486 1409 2544 Permessi
1436 2486 1506 2543 ad
1534 2485 1773 2546 flumina
1800 2485 2035 2546 Gallum
2297 2539 2308 2546 .

444 2566 643 2622 Aonas
670 2564 731 2622 in
758 2573 982 2622 montes
1008 2571 1074 2622 ut
1100 2565 1326 2623 duxerit
1350 2585 1469 2623 una
1494 2584 1750 2626 sororum
1774 2586 1788 2625 :
2319 2563 2401 2622 65

447 2643 643 2720 thue
669 2642 792 2700 viro
819 2642 1029 2701 Phoebi
1056 2643 1265 2701 chorus
1292 2644 1665 2704 assurrexerit
1689 2644 1916 2718 omnis3

446 2722 531 2781 Ut
558 2721 740 2780 Linus
766 2720 898 2779 haec
925 2721 1010 2778 illi
1039 2722 1234 2780 divino
1263 2723 1516 2781 carmine
1543 2731 1754 2800 pastor,

445 2800 711 2858 Floribus
738 2807 907 2876 atque
935 2801 1064 2877 apio
1091 2800 1277 2859 crines
1305 2810 1536 2862 ornatus
1564 2821 1775 2878 amaro,

446 2879 710 2938 Dixerit:
755 2879 883 2936 Hos
909 2879 1014 2937 tibi
1040 2879 1179 2938 dant
1203 2880 1473 2955 calamoS,
1502 2900 1596 2956 en,
1625 2881 1842 2958 accipe,
1871 2880 2086 2957 Musoe,

446 2959 678 3016 Ascraeo
707 2976 849 3034 quos
878 2954 1008 3018 ante
1039 2958 1201 3032 seni3
1244 2958 1452 3035 quibus
1478 2958 1576 3016 ille
1597 2959 1827 3032 ‚solebat
2315 2953 2395 3013 70

447 3036 746 3094 Cantando
775 3035 985 3112 rigidas
1013 3036 1298 3095 deducere
1325 3037 1617 3096 montibus
1645 3057 1814 3096 ornos
1838 3057 1852 3095 τ

447 3115 559 3173 His
585 3114 690 3174 tibi
719 3115 937 3191 Grynei
964 3115 1215 3172 nemoris
1243 3116 1463 3173 dicatur
1489 3115 1668 3191 origo,

445 3194 541 3252 Ne
569 3194 698 3270 quis
725 3193 799 3252 sit
823 3193 986 3252 lucus
1016 3212 1131 3270 quo
1159 3212 1221 3251 se
1247 3193 1377 3271 plus
1396 3195 1581 3273 jactet
1605 3193 1838 3272 Apollo.

523 3272 682 3344 Quid
708 3273 924 3348 loquar,
953 3280 1018 3330 ut
1046 3271 1299 3348 Scyllam
1327 3273 1480 3348 Nisi,
1510 3293 1682 3350 quam
1712 3271 1865 3329 fama
1890 3276 2093 3329 secuta
2117 3277 2225 3351 est,

445 3348 707 3408 Candida
732 3350 1081 3409 succinctam
1109 3347 1444 3409 latrantibus
1471 3351 1710 3427 inguina
1734 3349 2021 3427 monstris,
2099 3393 2106 3398 -
2320 3352 2399 3416 75

447 3429 755 3487 Dulichias
780 3429 1026 3488 vexasse
1054 3436 1222 3503 rateS‚
1252 3437 1310 3488 et
1335 3429 1558 3505 gurgite
1586 3430 1646 3486 in
1675 3428 1789 3486 alto

442 3508 538 3566 Ah
562 3511 575 3564 ἒ
618 3508 848 3568 timidos
875 3516 1076 3566 nautas
1103 3507 1341 3566 canibus
1368 3507 1652 3565 lacerasse
1678 3506 1950 3585 marinis;

440 3587 565 3645 Aut
588 3596 653 3647 ut
680 3595 928 3647 mutatos
954 3587 1130 3646 Terei
1155 3586 1469 3645 narraverit
1494 3588 1692 3645 artus?
1921 3635 1930 3646 .

443 3665 606 3736 Quas
633 3666 718 3725 illi
744 3665 1072 3724 Philomela
1097 3666 1294 3742 dapes,
1323 3684 1452 3743 quae
1481 3666 1633 3724 dona
1656 3665 1912 3744 pararit?

445 3744 580 3816 Quo
608 3764 778 3803 cursu
806 3745 1030 3803 deserta
1054 3745 1339 3822 petiverit,
1368 3753 1428 3804 et
1453 3744 1661 3821 quibus
1688 3741 1822 3804 anto
2318 3735 2400 3796 80

445 3823 657 3882 infelix
683 3843 788 3882 sua
813 3831 968 3884 tecta
993 3824 1490 3901 supervolitaverit
1517 3824 1666 3882 alis?
