2717 4300
1335 88 1385 140 β

342 297 418 353 9⁴}
1152 290 1520 349 AENEmos

345 446 553 505 Gentis
579 444 911 519 Dua-darnae,
941 458 1216 519 magnum
1244 460 1376 519 quae
1405 456 1603 520 sparsa
1626 458 1734 518 per
1758 440 1980 502 orbem.

343 524 425 583 Di
454 525 580 599 tibi,
608 523 658 582 si
685 529 799 600 qua
821 523 950 600 pios
976 528 1304 598 respectant
1328 521 1591 594 numina,
1622 519 1843 597 siquid

341 600 611 681 Usquam
629 602 858 680 justitia
884 609 990 674 est,
1020 608 1080 658 et
1106 618 1274 676 mens
1302 599 1412 657 sibi
1440 599 1673 657 conscia
1698 600 1864 675 recti,
1954 614 1960 657 ἰ

343 681 596 739 Praemia
621 680 797 755 digna
821 679 1020 737 ferant.
1107 677 1257 748 Quae
1286 685 1344 739 te
1372 686 1491 735 tam
1519 677 1652 734 laeta
1678 677 1934 736 tulerunt
2193 679 2313 734 6⁰5

346 758 613 816 Soecula?
656 759 755 834 qui
781 757 925 815 tanti
951 757 1127 815 talem
1156 755 1413 833 genuere
1435 758 1747 833 parentes?

345 838 413 895 In
442 838 590 895 freta
613 837 751 894 dum
778 835 941 894 fluvii
969 844 1218 911 current,
1247 836 1386 892 dum
1417 833 1710 892 montibus
1737 833 1957 892 umbrae

343 914 696 973 Lustrabunt
720 933 1002 989 convexa,
1031 914 1198 991 polus
1210 914 1367 979 *dum
1394 913 1585 989 sidera
1606 921 1830 989 pascet,

342 994 591 1070 Semper
616 992 823 1067 honos,
850 1000 1181 1068 nomenque
1207 1001 1390 1067 tuum,
1419 991 1734 1067 laudesque
1760 989 2099 1068 manebunt,

237 1147 242 1151 ἡ
345 1073 494 1142 Quae
522 1089 617 1129 me
645 1089 895 1147 cumque
922 1078 1133 1128 vocant
1157 1079 1346 1128 terrae.
1432 1070 1529 1128 Sic
1556 1069 1728 1145 satus,
1757 1070 2011 1129 amicum
2194 1073 2312 1143 610

345 1151 569 1210 Ilionea
593 1149 739 1227 petit
765 1149 988 1223 dextra,
1014 1148 1281 1226 laevtique
1311 1150 1644 1221 Serestum3

342 1226 505 1305 Post,
535 1229 697 1303 alios,
723 1228 1047 1304 fortemque
1076 1227 1266 1303 Gyan,
1297 1227 1619 1303 fortemque
1642 1225 2026 1286 Cloanthum.

425 1307 739 1384 Obstupuit
761 1303 948 1384 primo
965 1307 1253 1382 adspectu
1284 1305 1525 1364 Sidonia
1549 1305 1728 1379 Dido,

339 1385 502 1444 *Ca-su
531 1386 741 1443 deinde
772 1385 878 1442 viri
904 1392 1116 1456 tanto}
1142 1392 1203 1442 et
1227 1385 1310 1442 sic
1338 1403 1439 1442 ore
1466 1384 1662 1441 locuta
1686 1391 1776 1441 est
1793 1403 1812 1441 t

340 1464 602 1537 Quiste,
630 1471 763 1521 nate
792 1463 922 1539 dea,
950 1477 1055 1539 per
1078 1471 1237 1521 tanta
1262 1462 1518 1540 pericula
1543 1464 1712 1519 casus
2114 1497 2119 1501 ·
2193 1465 2314 1518 615

347 1543 717 1619 Insequitur?
760 1559 889 1618 quae
917 1541 1006 1598 vis
1033 1541 1382 1598 immanibus
1411 1539 1662 1617 applicat
1687 1536 1848 1596 oris?

346 1619 518 1686 Tune
548 1621 647 1677 ille
673 1619 897 1678 AEneas
924 1637 1097 1694 quem
1125 1618 1423 1676 Dardanio
1449 1616 1724 1675 Anchisae

344 1699 519 1756 Alma
545 1699 751 1756 Venus
780 1696 1019 1773 Phrygii
1046 1697 1247 1772 genuit
1277 1697 1593 1755 Simoentis
1620 1695 1693 1752 ad
1719 1694 1979 1753 undam?

345 1779 541 1854 Atque
569 1776 842 1853 equidem
867 1775 1162 1832 Teucrum
1192 1775 1433 1834 memini
1463 1775 1680 1835 Sidona
1706 1773 1929 1849 venire,

345 1855 593 1914 Finibus
621 1854 926 1930 expulsum
953 1855 1172 1931 patriis,
1203 1873 1354 1912 nova
1380 1872 1559 1930 regna
1581 1860 1880 1929 petentem
2194 1857 2313 1911 620

345 1934 586 1991 Auxilio
614 1934 764 1991 Beli.
850 1932 1094 1990 Genitor
1120 1934 1242 1990 turn
1270 1932 1452 1990 Belus
1480 1932 1734 2008 opimam

345 2011 627 2070 Vastabat
651 2012 933 2088 Cyprum,
959 2020 1022 2069 'et
1045 2011 1231 2069 victor
1256 2011 1476 2069 ditione
1502 2009 1756 2068 tenebat.

345 2089 639 2167 Tempore
657 2091 782 2169 jam
810 2107 886 2146 ex
911 2087 1015 2147 illo
1040 2107 1207 2147 casus
1235 2089 1381 2147 mihi
1406 2089 1670 2166 cognitus
1695 2086 1858 2146 urbis

343 2165 636 2248 TroJanae,
662 2183 998 2243 nomenque
1018 2175 1206 2244 tuum,
1235 2187 1518 2246 regesque
1543 2167 1798 2244 Pelasgi.

346 2246 482 2324 Ipse
509 2247 692 2305 hostis
720 2246 979 2304 Teucros
1005 2246 1220 2324 insigni
1246 2247 1418 2306 laude
1442 2246 1682 2321 ferebat,
2194 2250 2314 2305 625

349 2325 541 2402 Seque
569 2334 754 2388 ortum
783 2325 1019 2401 antiqua
1044 2324 1408 2383 Teucrorum
1439 2325 1512 2383 ab
1539 2325 1715 2401 stirpe
1741 2322 1993 2383 volebat.

348 2403 545 2474 Quare
573 2405 745 2481 agite,
774 2423 829 2478 o,
860 2402 1047 2476 tectis,
1069 2405 1338 2481 juvenes,
1369 2402 1663 2460 succedite
1689 2401 1918 2459 nostris.

344 2483 453 2540 Me
481 2502 713 2560 quoque
740 2501 844 2558 per
863 2481 1074 2539 multos
1102 2481 1305 2538 similis
1333 2481 1560 2538 fortuna
1586 2479 1819 2537 labores

343 2560 627 2619 Jaetatam
654 2560 770 2618 hac
793 2560 1027 2617 demum
1054 2560 1237 2617 voluit
1263 2557 1773 2628 consisterevterra.

345 2639 408 2697 N
411 2658 485 2695 on
513 2640 714 2714 ignara
738 2637 895 2713 mali,
925 2637 1149 2695 miseris
1177 2654 1511 2695 succurrere
1537 2635 1719 2693 disco.
2192 2639 2313 2695 630

428 2717 525 2774 Sic
553 2724 868 2788 memorat3
912 2715 1087 2773 simul
1115 2716 1349 2773 AEnean
1379 2715 1437 2772 in
1466 2714 1626 2791 regia
1649 2712 1815 2773 ducit

343 2793 548 2868 Tecta,
578 2794 751 2852 simul
779 2794 977 2852 divum
1007 2794 1236 2871 templis
1264 2793 1470 2853 indicit
1496 2792 1799 2851 honorem.

344 2872 408 2938 N
411 2892 477 2929 ec
506 2869 699 2931 minus
727 2874 949 2931 interea
974 2872 1144 2932 sociis
1173 2873 1245 2931 ad
1272 2872 1464 2931 littora
1489 2871 1666 2930 mittit

346 2950 573 3027 Viginti
600 2960 810 3027 tauroS,
840 2971 1176 3027 magnorum
1203 2951 1495 3011 horrentia
1521 2958 1757 3010 centum

346 3030 541 3106 Terga
565 3050 754 3104 suum,
781 3030 1027 3108 pingues
1054 3040 1285 3090 centum
1308 3040 1443 3089 cum
1471 3028 1750 3088 matribus
1777 3046 1995 3105 agnon
2193 3031 2315 3087 635

347 3109 602 3169 Munera
625 3109 998 3185 laetitiamque
1027 3109 1127 3167 dii.

424 3190 506 3247 At
530 3189 737 3247 domus
763 3188 999 3247 interior
1022 3187 1199 3268 regali
1228 3185 1533 3264 splendida
1556 3186 1703 3245 luxu

348 3266 672 3345 Instruitur‚
694 3267 1015 3344 mediisque
1040 3274 1244 3344 parant
1268 3266 1540 3324 convwia
1564 3264 1732 3324 tectis
1753 3282 1772 3321 t

349 3345 489 3403 Arte
515 3346 787 3406 laboratae
812 3356 1025 3422 veste8‚
1055 3353 1323 3421 ostroque
1351 3344 1640 3421 superb03

348 3423 563 3498 Ingens
590 3435 885 3500 argentum
915 3425 1151 3500 mensis,
1179 3423 1498 3499 caelataque
1522 3423 1586 3479 in
1614 3439 1758 3480 auro
2194 3422 2314 3478 640

347 3501 545 3560 Fortia
570 3502 721 3561 facta
745 3512 991 3580 patrum,
1020 3504 1199 3562 series
1226 3502 1563 3578 longissima
1587 3518 1801 3575 rerum,

346 3581 463 3639 Per
491 3588 576 3639 tot
599 3581 775 3638 ducta
799 3581 953 3639 viros
982 3582 1217 3657 antiqua
1244 3579 1315 3637 ab
1343 3580 1563 3655 origine
1591 3578 1800 3654 gentis.

408 3658 653 3717 ·AEneas
690 3658 907 3736 (neque
937 3660 1094 3716 enim
1121 3659 1339 3736 patrius
1369 3657 1685 3716 consistere
1712 3663 1972 3715 mentem

346 3737 565 3796 Passus
591 3737 781 3807 amor)
817 3738 1078 3813 rapidum
1107 3738 1178 3793 ad
1207 3756 1387 3795 naves
1412 3737 1711 3814 praemittit
1733 3733 2028 3809 Achaten,

348 3816 603 3876 Ascanio
630 3815 775 3875 ferat
800 3816 952 3892 haec,
981 3815 1285 3894 ipsumque
1313 3815 1386 3873 ad
1415 3816 1630 3874 moenia
1655 3816 1848 3874 ducat.
2197 3813 2317 3869 645
