2717 4300
1146 320 1378 377 LIBER
1415 322 1486 376 V.

343 469 611 531 Occurrit
636 469 827 545 tellus,
854 468 1034 527 maria
1057 471 1319 547 undique
1346 479 1408 528 et
1431 469 1689 546 undique
1716 468 1965 544 coelum·;

345 550 465 608 Olli
492 548 772 607 caeruleus
799 567 971 625 supra
995 556 1168 625 caput
1193 548 1411 607 adstitit
1435 549 1639 622 imber,

346 628 596 687 Noctem
626 626 993 703 hiememque
1018 625 1246 699 ferens;
1291 634 1349 684 et
1375 627 1657 685 inhorruit
1682 627 1838 685 unda
1863 626 2134 685 tenebris.

346 706 485 782 Ipse
511 704 856 781 gubernator
879 706 1060 782 puppi
1086 705 1391 763 Palinurus
1420 705 1490 761 ab
1519 704 1670 763 alta·
1657 725 1670 738 ·

348 784 521 841 Heu!
566 782 834 860 quianam
860 784 1005 841 tanti
1030 782 1337 841 cinxerunt
1363 782 1578 840 aethera
1603 782 1831 841 nimbi?

350 861 602 935 Quidve,
628 870 793 938 pater
818 860 911 917 Ne
956 869 1180 938 tune,p
1183 879 1340 918 aras.
1332 864 1352 905 Ρ
1437 860 1534 918 Sic
1562 861 1774 920 deinde
1800 861 2044 940 locutus,

348 939 639 1015 Colligere
667 958 823 999 arma
839 940 907 1017 ju
949 947 1026 1014 et,
1055 939 1378 1015 validisque
1405 938 1738 998 incumbere
1765 941 1974 999 remis·
1958 984 1976 1014 ,

351 1017 737 1094 obliquatque
763 1017 922 1075 sinus
948 1017 1010 1074 in
1034 1024 1293 1094 ventum,
1324 1037 1390 1075 ac
1418 1017 1553 1076 talia
1577 1017 1763 1076 fatur:

351 1096 726 1171 Magnanime
754 1096 966 1172 AEnea,
995 1115 1131 1171 non,
1161 1096 1210 1153 si
1238 1095 1383 1153 mihi
1409 1096 1636 1188 Jupiter
1662 1107 1862 1156 auctor

352 1175 663 1250 Sponden,
689 1173 803 1232 hoc
829 1193 1055 1251 sperem
1086 1174 1312 1233 Italiam
1339 1175 1673 1251 contingere
1698 1175 1864 1234 coelo,

352 1253 564 1310 Mutati
589 1260 913 1310 transversa
934 1252 1203 1326 fremunt,
1235 1260 1295 1309 et
1318 1271 1561 1329 vespere
1589 1252 1660 1309 ab
1690 1261 1810 1311 atro

352 1331 722 1406 Consurgunt
744 1330 924 1405 venti,
955 1339 1124 1407 atque
1150 1330 1211 1388 in
1239 1328 1454 1387 nubem
1482 1330 1704 1426 cogitur
1731 1335 1845 1390 aer.

353 1409 486 1468 Nec
511 1428 618 1467 nos
644 1408 827 1466 obniti
853 1406 1070 1485 contra,
1098 1427 1210 1466 nec
1236 1409 1475 1467 tendere
1501 1406 1743 1483 tantum,

357 1487 722 1545 SufficimuS.
765 1495 993 1565 superat
1019 1487 1289 1563 quoniam
1318 1487 1560 1562 fortuna,
1591 1507 1935 1585 sequamur·
1920 1533 1936 1563 ‚

357 1563 607 1649 Quoque
633 1573 800 1624 vocat
824 1574 1115 1624 vertamus
1139 1566 1264 1623 iter.
1346 1566 1413 1624 N
1413 1585 1481 1624 ec
1508 1566 1697 1625 littora
1721 1564 1893 1644 longe

354 1645 504 1702 Fida
529 1663 656 1702 reor
681 1643 927 1702 fraterna
953 1644 1179 1721 Erycis,
1207 1652 1521 1722 portusque
1552 1645 1810 1723 Sicanos,

358 1724 421 1781 Si
448 1720 619 1780 modo
647 1719 753 1781 rite
783 1741 1003 1780 memor
1026 1731 1251 1781 servata
1278 1725 1546 1782 remetior
1570 1732 1737 1782 astra.

357 1803 509 1859 Tum
536 1802 666 1879 pius
694 1801 953 1859 AEneas·
998 1802 1289 1878 Equidem
1317 1802 1401 1860 sic
1426 1821 1666 1880 poscere
1691 1811 1897 1862 ventos

354 1880 724 1955 Jamdudum,
753 1887 813 1938 et
836 1879 1039 1938 frustra
1063 1898 1237 1937 cerno
1265 1888 1322 1938 te
1350 1882 1587 1939 tendere
1615 1879 1829 1940 contra.

357 1958 559 2017 Flecte
584 1959 738 2017 viam
766 1958 929 2016 velis.
1012 1959 1106 2016 An
1136 1958 1211 2016 sit
1236 1958 1381 2016 mihi
1407 1959 1618 2035 gratior
1642 1960 1781 2024 ulla

359 2035 571 2108 Quove
597 2033 781 2113 magis
807 2036 985 2095 fessas
1013 2045 1206 2114 optem
1234 2037 1534 2096 demittere
1562 2057 1757 2114 naves,

360 2114 553 2188 Quam
582 2135 712 2210 quae
741 2116 1097 2176 Dardanium
1125 2114 1294 2174 tellus
1322 2117 1469 2176 mihi
1497 2125 1685 2176 servat
1710 2119 1986 2196 Acesten,

360 2197 442 2254 Et
464 2197 638 2273 patris
666 2194 941 2253 Anchisae
969 2195 1189 2270 gremio
1216 2195 1621 2271 complectitur
1646 2200 1819 2254 ossa?

360 2276 508 2333 Haec
534 2274 637 2331 ubi
664 2274 833 2347 dieta,
861 2280 1066 2350 petunt
1088 2281 1305 2366 portus,
1335 2281 1395 2331 et
1419 2273 1552 2330 vela
1578 2275 1816 2332 secundi

361 2354 674 2411 intendunt
699 2352 998 2429 Zephyri:
1040 2351 1217 2410 fertur
1242 2351 1357 2410 cita
1383 2352 1605 2429 gurgite
1634 2351 1870 2411 classis‘
1855 2396 1871 2425 ,

358 2433 440 2490 Et
466 2433 698 2490 tandem
723 2429 842 2488 laeti
868 2438 1020 2488 notae
1050 2432 1421 2489 advertuntur
1446 2449 1653 2490 arenae.

436 2513 515 2568 At
540 2510 740 2587 procul
768 2510 999 2567 excelso
1027 2509 1263 2567 miratus
1289 2509 1506 2567 vertice
1534 2510 1746 2568 montis

358 2588 690 2647 Adventum
717 2588 1019 2665 sociasque
1047 2595 1232 2665 rateS,
1245 2588 1493 2647 occurrit
1519 2590 1782 2665 Acestes,

360 2665 685 2726 Horridus
669 2686 730 2724 ιιι
748 2666 959 2745 jaculis
988 2673 1047 2726 et
1069 2667 1223 2745 pelle
1252 2665 1569 2745 Libystidis
1594 2687 1780 2726 ursae·
1764 2711 1780 2742 ‚

358 2747 537 2803 Troia
562 2746 809 2804 Crimiso
838 2754 1182 2823 conceptum
1207 2747 1448 2806 flumine
1476 2753 1656 2804 mater
1770 2773 1779 2778 ·

362 2826 552 2896 Quem
581 2824 793 2900 genuit.
876 2824 1158 2882 Veterum
1184 2844 1300 2883 non
1328 2826 1637 2883 immemor
1661 2824 1760 2883 ille
1785 2809 2134 2912 parentum,-

363 2905 630 2962 Gratatur
655 2903 936 2973 reduces3
980 2910 1039 2960 et
1063 2903 1208 2978 gaza
1232 2903 1397 2961 laetus
1427 2903 1634 2979 agresti

361 2982 617 3059 Excipit,
649 3000 715 3039 ac
744 2981 927 3039 fessos
955 2979 1161 3056 opibus
1189 2982 1402 3039 solatur
1429 2981 1644 3040 amicis.

438 3061 676 3119 Postera
702 3078 878 3151 quum
906 3059 1092 3136 primo
1121 3058 1336 3116 stellas
1342 3060 1561 3118 oriente
1590 3059 1813 3136 fugarat

362 3139 534 3198 Clara
560 3140 704 3214 dies,
734 3137 920 3197 socios
945 3139 1006 3195 in
1036 3145 1247 3195 coetum
1274 3137 1465 3196 littore
1492 3138 1563 3195 ab
1591 3138 1749 3196 omni
1819 3203 1827 3209 ‚

366 3219 627 3277 Advocat
653 3218 893 3293 AEneaS,
923 3216 1244 3294 tumulique
1274 3235 1348 3274 ex
1378 3235 1584 3293 aggere
1612 3216 1798 3274 fatur:

362 3297 710 3355 Dardanidae
738 3296 949 3373 magni,
979 3315 1161 3372 genus
1189 3294 1302 3353 alto
1332 3315 1365 3352 a
1392 3296 1672 3372 sanguine
1699 3293 1918 3369 divum,

362 3378 607 3435 Annuus
635 3376 852 3434 exactis
879 3375 1200 3452 completur
1223 3372 1519 3432 mensibus
1543 3372 1721 3466 orbi8‚

287 3571 296 3582 .
364 3451 1698 3627 οοῃὲῗὲῑὲἳξῗΐέξιέῗἱῗὲἒὲἓεῗμῗέῗαὲΐέἓξὲἷὲε
1727 3538 1891 3587 aras.-

362 3613 606 3690 Jamque
634 3612 776 3687 dies,
804 3612 867 3670 ni
894 3612 1073 3687 fallor,
1104 3612 1282 3686 adest,
1312 3629 1488 3687 quem
1517 3628 1744 3687 semper
1769 3608 2063 3694 acerbum,

369 3693 610 3768 Semper
634 3691 977 3749 honoratum
1015 3690 1126 3769 (sic
1155 3689 1214 3748 di
1241 3689 1532 3784 voluistis)
1568 3687 1812 3749 habebo·-

367 3771 545 3829 Hunc
576 3789 684 3846 ego
713 3770 959 3827 Gaetulis
988 3789 1214 3845 agerem
1244 3769 1292 3827 si
1321 3767 1568 3844 syrtibus
1597 3767 1783 3842 exsul,

366 3850 710 3984 Argolicowi
720 3848 879 3985 3m4³ri
908 3849 1239 3924 deprensus,
1263 3856 1322 3906 et
1348 3847 1490 3905 urbe
1520 3847 1827 3925 Mycenae·
1813 3890 1829 3920 ,

2205 319 2310 379 149

2234 554 2308 607 10

2237 949 2309 1002 15

2236 1330 2345 1392 20‘

2238 1732 2316 1787 25

2243 2906 2323 2960 40

2245 3298 2324 3353 45

2249 3689 2326 3743 50
