2717 4300
1262 296 1578 355 mmai.
1726 370 1735 379 .
2331 299 2410 357 ss

437 444 714 505 Arbuteae
737 452 940 520 crates,
969 452 1030 504 et
1054 445 1299 522 mystica
1323 464 1549 504 vannus
1578 445 1776 506 Iacchi
1795 465 1815 506 t

439 525 654 584 Omnia
680 543 813 603 quie
839 520 1021 582 multo
1049 521 1182 582 aute
1210 543 1434 582 memor
1458 524 1689 602 provisa
1713 543 1982 604 repones,

441 603 506 661 Si
535 612 592 661 te
619 604 1015 680 dignamanet
1040 602 1223 663 divini
1249 603 1430 679 gloria
1454 603 1616 661 ruris.

520 678 814 740 Continuo
841 680 902 738 in
929 680 1089 738 silvis
1118 682 1413 757 magna-vi
1438 681 1594 739 flexa
1619 682 1884 742 domatur

441 758 511 816 In
540 760 726 819 burim
755 768 814 819 et
840 760 1000 817 curvi
1025 758 1267 817 formam
1294 759 1506 837 accipit
1531 759 1720 818 ulmus
1748 761 1935 821 aratri.
2290 763 2405 823 rw

440 838 598 896 Huic
627 859 662 897 a
686 839 863 916 stirpe
885 838 1066 915 pedes
1092 845 1248 896 temo
1274 846 1573 915 protentus
1599 838 1661 896 in
1688 846 1840 915 octo,

439 916 608 974 Binoe
638 936 822 992 aures,
851 916 1070 993 duplici
1097 925 1366 994 aptantur
1387 916 1642 975 dentalia
1666 917 1854 976 dorso.

440 995 699 1053 Caeditur
725 1003 784 1053 et
809 994 933 1055 tilia
958 992 1090 1053 ante
1111 997 1255 1072 jugo
1281 994 1448 1069 levis,
1478 994 1706 1072 altaque
1731 995 1900 1073 fagus

443 1074 641 1149 stivae,
671 1091 801 1150 quae
830 1092 1026 1131 currus
1053 1092 1090 1130 a
1112 1083 1273 1149 tergo
1299 1082 1562 1151 torqueat
1587 1074 1774 1132 imos:

441 1151 523 1210 Et
549 1166 826 1230 suspensa
853 1151 998 1209 focis
1026 1152 1288 1228 explorat
1312 1152 1517 1210 robora
1539 1152 1749 1210 fumus.
2288 1157 2404 1219 1⁵15

518 1231 763 1288 Possum
788 1230 969 1288 multa
993 1230 1099 1288 tibi
1126 1239 1389 1288 veterum
1415 1238 1711 1307 praecepta
1736 1230 1968 1309 referre,
2065 1282 2076 1291 .

440 1308 523 1366 Ni
551 1309 777 1385 resugiS,
807 1319 1127 1386 tenuesque
1148 1308 1313 1386 ⁴piget
1337 1327 1687 1384 cognoscere
1714 1327 1896 1367 curas.

521 1389 672 1445 Arca
692 1407 833 1445 cum
856 1387 1059 1465 primis
1086 1387 1305 1463 ingenti
1334 1387 1616 1464 aequanda
1640 1386 1920 1464 cylindro,

440 1465 524 1523 Et
550 1467 1044 1543 vertenda‘manu,
1075 1474 1135 1523 et
1160 1466 1318 1524 creta
1341 1465 1645 1523 solidanda
1670 1466 1878 1541 tenaci,

440 1545 539 1602 Ne
566 1545 809 1603 subeant
834 1544 1051 1620 herbae,
1079 1563 1193 1602 neu
1220 1544 1460 1622 pulvere
1489 1544 1644 1603 victa
1668 1543 1912 1620 fatiscat,
2289 1548 2401 1606 18⁰

338 1671 344 1675 .
439 1623 595 1681 Tum
623 1623 794 1681 variae
823 1621 1067 1681 illudant
1090 1631 1284 1701 pestes
1307 1643 1322 1679 ε
1366 1619 1522 1699 εωρὲ
1552 1624 1798 1699 exiguus
1826 1642 1954 1682 mus

443 1701 566 1759 Sub
595 1702 757 1760 terris
784 1702 1091 1779 posuitque
1119 1701 1324 1759 domos
1352 1710 1525 1778 atque
1552 1701 1764 1759 horrea
1785 1701 1923 1761 fecit
1948 1721 1966 1776 ς
2053 1753 2062 1761 .

438 1782 562 1838 Aut
588 1780 771 1838 oculis
798 1779 952 1857 capti
970 1778 1174 1838 fodere
1201 1779 1420 1837 cubilia
1444 1780 1520 1838 tal
1564 1799 1653 1852 ως

441 1858 837 1936 Inventusque
864 1859 1021 1916 cavis
1045 1858 1208 1932 bufo,
1237 1867 1297 1916 et
1322 1877 1455 1935 quae
1483 1877 1520 1936 p
1545 1859 1733 1916 urima
1753 1866 1921 1918 term

439 1935 701 1995 Monstra
725 1937 953 2009 ferunt3
995 1936 1349 2014 populatque
1374 1937 1672 2013 ingentem
1702 1937 1864 1996 farris
1890 1955 2163 1996 acervum
2285 1941 2398 1997 185

440 2016 740 2091 Curculio,
769 2024 942 2092 atque
966 2015 1130 2092 inopi
1155 2023 1425 2073 metuens
1451 2014 1692 2073 fomica
1716 2024 1983 2076 senectae.

519 2093 956 2171 Contemplator
980 2094 1143 2170 item,
1173 2112 1354 2171 quum
1386 2113 1448 2152 se
1474 2113 1598 2153 nux
1666 2095 1875 2155 lurima
1899 2094 2060 2156 silvis

443 2171 656 2231 Induet
680 2174 741 2231 in
769 2173 970 2231 florem
999 2181 1062 2231 et
1083 2192 1270 2230 ramos
1297 2172 1562 2231 curvabit
1585 2192 1620 2230 o
1641 2182 1844 2232 entes:

443 2251 507 2308 Si
534 2260 805 2328 superam
828 2251 1021 2325 foetus,
1046 2250 1260 2327 pariter
1282 2250 1573 2308 frumenta
1597 2259 1932 2327 sequentur,
2154 2277 2158 2283 ·

440 2329 773 2407 Magnaque
800 2348 935 2388 cum
963 2347 1175 2404 magno
1201 2328 1402 2386 veniet
1424 2328 1625 2386 tritum
1649 2328 1877 2388 calore:
2285 2333 2397 2389 190

440 2405 538 2482 At,
566 2409 616 2466 si
642 2408 872 2466 luxuri&
899 2407 1164 2466 foliorum
1192 2405 1723 2481 exuberat-umbra,

440 2486 853 2564 Nequidquam
880 2487 1126 2563 pingues
1151 2485 1318 2563 palea
1345 2492 1495 2543 teret
1521 2503 1654 2542 ares
1678 2483 1922 2544 culmos.

522 2566 760 2623 Semina
783 2565 905 2622 vidi
932 2565 1205 2641 equidem
1233 2563 1449 2621 multos
1474 2563 1763 2621 medicare
1789 2570 2066 2640 serentes,

442 2642 525 2702 Et
549 2644 698 2701 nitro
723 2640 883 2721 prius
907 2651 971 2701 et
993 2643 1157 2718 nigra
1181 2642 1528 2720 perfundere
1555 2642 1810 2718 murel,

442 2721 726 2779 Grandior
749 2730 816 2780 ut
841 2722 1015 2781 soetus
1039 2721 1262 2799 siliquis
1288 2720 1590 2779 fallacibus
1615 2728 1806 2794 esset3
2282 2723 2398 2779 19⁵

439 2800 545 2874 At,
566 2800 831 2877 quamvis
855 2800 978 2878 igni
1005 2800 1219 2876 exiguo
1243 2806 1546 2877 properata
1572 2800 1888 2873 maderent,

441 2878 583 2937 Vidi
613 2879 762 2937 lecta
788 2879 887 2938 diu
915 2888 976 2937 et
1000 2878 1184 2937 multo
1211 2886 1471 2957 spectata
1495 2877 1689 2937 labore

441 2957 811 3034 Degenerare
838 2965 1053 3031 tamen,
1082 2958 1143 3015 ni
1168 2958 1257 3016 vis
1282 2958 1542 3015 humana
1567 2956 1874 3034 quotannis

440 3035 708 3096 Maxima
731 3055 979 3115 quaque
1005 3036 1427 3114 manu-legeret
1447 3055 1463 3092 t
1483 3083 1488 3086 .
1506 3035 1590 3093 sic
1619 3035 1816 3093 omnis
1839 3033 1972 3093 fatis

442 3114 511 3171 In
537 3117 707 3194 pejus
733 3135 918 3192 ruere,
947 3134 1016 3173 ac
1043 3123 1193 3173 retro
1220 3113 1492 3190 sublapsa
1514 3112 1727 3172 referri.
2276 3111 2396 3169 200

440 3192 580 3251 Non
609 3194 775 3252 aliter
800 3192 976 3271 quam
1004 3194 1104 3271 qui
1133 3193 1373 3251 adverso
1400 3191 1500 3248 vix
1526 3191 1772 3254 flumine
1793 3189 2053 3249 lembum

440 3272 727 3349 Remigiis
754 3273 1003 3350 subigit3
1047 3272 1096 3329 si
1122 3271 1358 3329 brachia
1382 3266 1525 3328 sorte
1552 3271 1793 3344 remisit,

439 3352 633 3426 Atque
660 3351 823 3409 illum
851 3351 912 3409 in
938 3369 1201 3430 praeceps
1226 3368 1408 3425 prono
1435 3349 1582 3424 rapit
1607 3348 1808 3406 alveus
1834 3344 2011 3404 amni·

518 3432 809 3490 Praeterea
830 3439 949 3489 tam
978 3438 1112 3489 sunt
1143 3427 1371 3487 Arcturi
1396 3426 1585 3483 sidera
1608 3425 1796 3500 nobis,

440 3505 874 3585 Haedorumque
902 3510 1029 3567 dies
1053 3505 1340 3580 servandi,
1371 3511 1431 3562 et
1454 3503 1683 3562 lucidus
1709 3502 1951 3580 Anguis,
2277 3506 2394 3565 205

442 3585 634 3658 Quam
664 3587 875 3665 quibus
901 3587 963 3645 in
990 3588 1234 3665 patriam
1260 3591 1505 3642 ventosa
1528 3602 1633 3661 per
1658 3601 1889 3661 aequora
1913 3584 2098 3644 vectis

438 3667 662 3725 Pontus
690 3676 750 3725 et
775 3666 1018 3725 ostriferi
1044 3665 1239 3724 fauces
1265 3669 1559 3723 tentantur
1582 3663 1794 3740 Abydi.

518 3745 694 3804 Libra
719 3745 814 3802 die
842 3745 1143 3822 somnique
1167 3762 1337 3821 pares
1364 3739 1467 3799 ubi
1493 3742 1696 3801 fecerit
1719 3742 1909 3815 horas,

440 3824 522 3884 Et
549 3824 808 3883 medium
836 3824 956 3882 luci
985 3832 1156 3901 atque
1182 3821 1406 3880 umbris
1421 3821 1546 3899 jam
1574 3822 1782 3880 dividit
1797 3818 2023 3893 orbem,
