2717 4300
1200 339 1434 398 LIBER
1469 340 1599 399 xn.

422 488 666 551 Testatu
735 510 812 550 ue
839 490 979 550 deos
1004 490 1215 549 iterum
1243 511 1306 550 se
1334 492 1409 550 ad
1434 491 1638 568 proelia
1661 489 1813 568 cogi,
1999 539 2006 548 ,

424 568 530 627 Bis
549 509 876 649 jamnitalos
902 569 1118 645 hostes,
1145 568 1272 629 haic
1299 570 1479 629 altera
1501 569 1719 627 foedera
1743 568 1953 647 rumpi.

425 647 704 708 Exoritur
727 648 981 725 trepidos
1008 647 1157 706 inter
1182 648 1469 705 discordia
1495 648 1693 706 cives:

427 724 650 784 Urbem
680 727 776 785 alii
801 744 1055 784 reserare
1074 725 1304 805 Jubent,
1333 734 1395 784 et
1417 727 1671 802 pandere
1695 732 1890 803 portas

425 804 793 880 Dardanidis,
821 805 1128 881 ipsumque
1156 804 1390 863 trahunt
1413 804 1473 861 in
1501 803 1713 862 moenia
1738 821 1974 881 regem3

427 883 603 941 Arma
627 883 825 941 ferunt
845 882 962 957 alii,
991 891 1052 941 et
1075 891 1324 958 pergunt
1348 881 1660 941 defendere
1687 901 1901 941 muros.

425 960 684 1019 Inclusas
710 973 774 1019 ut
800 980 978 1038 quum
1006 960 1290 1019 latebroso
1316 961 1378 1019 in
1405 960 1637 1037 pumice
1660 970 1858 1038 pastor

424 1038 752 1115 vestigavit
779 1057 937 1116 apes,
965 1038 1239 1116 fumoque
1264 1038 1531 1115 implevit
1556 1056 1786 1114 amaro3

428 1118 551 1175 111ae
578 1119 732 1176 intus
757 1117 997 1193 trepidas
1025 1136 1214 1175 rerum
1238 1136 1346 1194 per
1371 1135 1542 1174 cerea
1566 1125 1749 1176 castra

428 1195 1158 1271 Discurruntsmagnisque
1186 1202 1401 1253 acuunt
1427 1195 1764 1254 stridoribus
1788 1195 1939 1254 iras:

428 1274 700 1331 Volvitur
727 1282 847 1331 ater
873 1273 1013 1330 odor
1037 1273 1224 1348 tectis,
1252 1281 1376 1332 tum
1404 1291 1695 1331 murmure
1724 1292 1882 1331 caeeo

431 1352 594 1410 Intus
621 1370 762 1409 saxa
787 1358 1029 1423 sonant3
1070 1369 1284 1409 vacuas
1308 1352 1356 1409 it
1380 1350 1571 1408 fumus
1597 1351 1670 1409 ad
1698 1370 1881 1410 auras.

509 1430 749 1488 Accidit
775 1430 901 1487 haec
927 1428 1092 1492 fessis
1123 1430 1295 1488 etiam
1323 1429 1553 1490 fortuna
1576 1429 1819 1506 Latinis,

433 1507 580 1578 Quae
608 1517 786 1568 totam
813 1508 971 1566 luctu
999 1509 1291 1566 concussit
1315 1507 1572 1565 funditus
1597 1507 1818 1567 urbem.

431 1586 664 1661 Regina
690 1594 753 1644 ut
779 1585 946 1660 tectis
970 1587 1302 1644 venientem
1329 1586 1607 1663 prospicit
1630 1586 1878 1663 hostem,

432 1664 654 1723 Incessi
682 1684 893 1740 muros,
921 1664 1086 1741 ignes
1113 1665 1185 1722 ad
1213 1672 1370 1723 tecta
1393 1664 1628 1738 volare;
1762 1690 1770 1697 ·

431 1744 734 1821 Nusquam
763 1744 917 1803 acies
944 1741 1143 1803 eontra
1169 1743 1436 1817 Rutulas,
1463 1743 1625 1802 nulla
1650 1743 1880 1821 agmina
1905 1741 2131 1802 Turni:

434 1822 646 1881 Infelix
671 1840 884 1900 pugnas
904 1824 1184 1901 juvenem
1209 1822 1271 1879 in
1298 1823 1612 1880 certamine
1639 1822 1823 1881 credit

433 1901 845 1973 Exstinctum3
889 1908 966 1975 et,
995 1899 1185 1958 subito
1212 1908 1470 1957 mentem
1496 1899 1722 1958 turbata
1747 1899 1965 1976 dolore,

435 1980 514 2039 Se
541 1998 772 2038 causam
799 1978 1010 2038 clamat
1034 1978 1368 2055 crimenque
1396 1984 1683 2056 caputque
1710 1979 1989 2038 malorum
2011 1997 2030 2052 ;

435 2058 740 2135 Multaque
765 2076 870 2137 per
897 2065 1161 2115 moestum
1190 2058 1433 2115 demens
1459 2056 1633 2116 effata
1657 2057 1927 2135 furorem,

350 2180 361 2185 -
436 2137 764 2217 Purpureos
789 2136 1061 2196 moritura
1087 2156 1260 2194 manu
1287 2136 1562 2195 discindit
1587 2136 1848 2214 amictus,

436 2217 519 2276 Et
542 2217 759 2275 nodum
785 2215 1044 2274 informis
1069 2214 1171 2274 leti
1196 2215 1357 2273 trabe
1384 2215 1565 2273 nectit
1588 2215 1661 2273 ab
1688 2215 1820 2274 alta.

439 2296 630 2367 Quam
658 2294 883 2353 cladem
910 2294 1135 2361 miserm
1160 2303 1467 2371 postquam
1494 2291 1774 2371 accepere
1800 2294 2045 2372 Latina,

437 2374 591 2433 Filia
615 2374 800 2452 prima
824 2392 1002 2431 manu
1027 2373 1208 2431 flavos
1235 2371 1481 2431 Lavinia
1506 2372 1695 2431 crines

439 2452 521 2512 Et
546 2472 737 2511 roseas
763 2451 976 2510 laniata
1000 2471 1215 2529 genas3
1257 2460 1382 2510 tum
1411 2459 1624 2509 caetera
1647 2447 1866 2510 circum

440 2532 639 2590 Turba
663 2531 832 2591 furit:
875 2540 1147 2590 resonant
1171 2528 1286 2589 late
1314 2528 1685 2608 plangoribus
1712 2530 1887 2589 tedes.

440 2611 597 2670 Hinc
625 2618 805 2669 totam
831 2608 1034 2668 infelix
1060 2610 1330 2686 vulgatur
1354 2610 1511 2668 fama
1534 2627 1639 2687 per
1664 2609 1889 2668 urbem.

440 2690 769 2750 Demittunt
794 2698 1054 2748 mentes:
1096 2689 1142 2749 it
1167 2689 1346 2747 scissa
1373 2697 1536 2747 veste
1563 2688 1828 2765 Latinus,

445 2768 727 2860 conjugis
754 2768 1028 2826 attonitus
1053 2768 1183 2826 satis
1209 2768 1480 2845 urbisque
1507 2767 1694 2843 ruini,

443 2846 734 2904 Canitiem
760 2845 1060 2912 immundo
1085 2847 1377 2922 perfusam
1403 2846 1643 2924 pulvere
1668 2854 1943 2924 turpans3

451 2923 787 3002 [Multaque
815 2942 878 2980 se
903 2923 1130 2980 incusat
1154 2925 1252 3001 qui
1271 2943 1396 2982 -non
1426 2925 1714 3002 acceperit
1739 2922 1871 2985 ante

442 3002 804 3063 Dardanium
832 3000 1086 3074 AEnean,
1115 3020 1508 3079 generumque
1535 3003 1839 3064 adsciverit
1863 3003 2063 3081 ultro.]
2093 3018 2098 3025 ’

524 3083 752 3141 Interea
779 3088 1040 3138 extremo
1067 3077 1308 3138 bellator
1332 3081 1395 3138 in
1422 3099 1653 3157 aequore
1680 3083 1915 3141 Turnus

444 3161 714 3221 Palantes
741 3158 997 3236 sequitur
1021 3172 1255 3236 paucos,
1276 3160 1400 3237 jam
1427 3161 1673 3235 segnior,
1701 3168 1872 3238 atque

442 3240 571 3298 Jam
600 3235 792 3297 minus
818 3247 989 3314 atque
1018 3233 1209 3295 minas
1236 3256 1512 3297 successu
1537 3238 1703 3298 ltetus
1730 3257 2026 3317 equorum.

445 3318 657 3378 Attulit
682 3318 838 3376 hunc
863 3316 953 3375 illi
975 3315 1147 3374 caecis
1174 3316 1484 3375 terroribus
1510 3337 1651 3379 aura

448 3397 843 3457 commixtum
870 3395 1199 3471 clamorem,
1228 3402 1586 3473 arrectasque
1613 3395 1841 3472 impulit
1865 3414 2031 3456 aures

447 3476 722 3535 Confusae
751 3494 926 3533 sonus
950 3474 1129 3549 urbis,
1159 3482 1218 3533 et
1242 3473 1536 3533 illaetabile
1564 3492 1838 3532 murmur.
1943 3509 1949 3515 ·

450 3554 570 3613 Hei
598 3553 774 3612 mihi!
819 3553 958 3631 quid
983 3561 1142 3612 tanto
1167 3552 1470 3613 turbantur
1496 3552 1709 3611 moenia
1733 3551 1941 3615 luctu?

452 3633 674 3705 Quisve
700 3632 815 3690 ruit
838 3640 1029 3691 tantus
1054 3632 1282 3691 diversa
1308 3631 1524 3690 clamor
1550 3631 1621 3690 ab
1648 3630 1837 3690 urbe?

453 3712 550 3771 Sic
579 3711 676 3784 ait,
705 3710 1081 3788 adductisque
1109 3729 1309 3769 amens
1335 3708 1594 3771 subsistit
1615 3709 1877 3769 habenis.

451 3794 645 3868 Atque
671 3788 828 3864 huic,
855 3788 917 3847 in
945 3789 1152 3847 faciem
1179 3807 1339 3848 soror
1363 3797 1430 3848 ut
1454 3808 1733 3849 conversa
1758 3788 2001 3848 Metisci

453 3869 688 3947 Aurigae
716 3885 1061 3944 currumque
1087 3875 1148 3926 et
1171 3886 1351 3945 equos
1379 3876 1441 3928 et
1464 3868 1586 3928 lora
1609 3867 1863 3944 regebat,

2273 1197 2391 1253 590

2278 1588 2395 1645 695

2280 1983 2398 2035 600

2281 2378 2399 2432 605

2284 2773 2402 2827 610

2288 3163 2406 3219 615

2291 3558 2408 3612 020
