2717 4300
312 292 352 355 8
998 292 1561 353 BucomcoRUM

313 439 379 505 N
379 457 492 504 unc
519 442 693 504 etiam
719 441 974 522 pecudes
1000 444 1230 503 umbras
1256 451 1317 502 et
1339 444 1551 520 frigora
1574 451 1842 522 captant3

313 523 378 582 N
381 543 493 582 unc
520 523 731 581 virides
758 523 930 581 etiam
959 523 1249 581 occultant
1274 524 1501 598 spineta
1525 522 1806 581 lacertos:

315 598 613 677 Thestylis
640 610 699 659 et
725 600 923 678 rapido
950 600 1116 658 sessis
1143 598 1492 658 messoribus
1520 608 1681 676 aestu,

313 679 470 737 Allia
498 679 942 755 serpyllumque,
972 677 1180 736 herbas
1208 679 1511 736 contundit
1536 677 1759 737 olentes
1782 699 1797 737 ε

313 761 395 815 At
421 776 647 814 mecum
675 756 880 832 rauciS,
910 765 1008 814 tua
1034 758 1170 814 dum
1199 757 1442 833 vestigia
1467 757 1663 832 lustro,

317 835 451 893 Sole
479 834 584 892 sub
613 834 833 893 ardenti
859 843 1129 893 resonant
1154 834 1384 892 arbusta
1408 835 1638 892 cicadis-

311 913 373 971 N
377 931 527 970 onne
555 913 663 972 suit
687 914 864 971 satius
892 914 1080 972 tristes
1107 913 1480 990 Amaryllidis
1506 913 1618 971 iras

312 994 505 1067 Atque
533 992 777 1067 superba
802 991 922 1068 pati
948 991 1220 1050 fastidia?
1262 1010 1457 1050 nonne
1486 991 1820 1065 Menalcan,

316 1069 596 1140 Quamvis
624 1069 720 1127 ille
749 1072 929 1145 niger,
959 1069 1220 1146 quamvis
1249 1080 1309 1128 tu
1338 1069 1618 1128 candidus
1648 1088 1805 1147 esses
1828 1070 1850 1126 ?

314 1148 365 1206 O
396 1148 641 1205 formose
668 1168 829 1225 puer,
860 1146 1103 1206 nimium
1131 1168 1205 1205 ne
1232 1149 1404 1206 crede
1432 1147 1649 1220 colori3

312 1225 466 1284 Alba
492 1226 725 1301 ligustra
752 1227 982 1301 cadunt,
1011 1226 1277 1300 vaccinia
1303 1227 1469 1302 nigra
1495 1224 1781 1301 leguntur.

312 1305 640 1380 Despectus
668 1304 772 1363 tibi
801 1323 947 1379 sum,
977 1324 1085 1362 nec
1113 1303 1211 1381 qui
1239 1304 1348 1361 sim
1377 1304 1602 1379 quaeris,
1631 1303 1845 1376 Alexi;

315 1380 511 1452 Quam
540 1384 702 1441 dives
728 1384 952 1460 pecoris
982 1383 1156 1452 nivei,
1185 1379 1358 1459 quam
1388 1382 1551 1440 lactis
1579 1382 1894 1440 abundans.

314 1456 485 1519 Mille
515 1480 659 1518 meae
691 1461 900 1519 Siculis
929 1470 1119 1519 errant
1145 1461 1205 1517 in
1233 1460 1525 1519 montibus
1553 1478 1756 1535 agnae3
2007 1462 2013 1468 '

314 1538 433 1597 Lac
461 1540 604 1600 mihi
633 1559 747 1597 non
768 1547 972 1596 -aestate
1000 1558 1236 1611 novum,
1267 1558 1384 1595 non
1411 1538 1621 1612 frigore
1649 1537 1807 1594 defit.

315 1618 522 1692 Canto,
553 1637 681 1693 quae
708 1617 932 1691 solituS,
962 1617 1011 1674 si
1040 1618 1270 1693 quando
1300 1625 1557 1674 armenta
1580 1616 1840 1689 vocabat,

314 1696 610 1774 Amphion
638 1693 902 1754 Dircaeus
927 1695 989 1753 in
1016 1697 1217 1753 Actaeo
1246 1694 1597 1770 Aracyntho.

314 1774 375 1833 N
379 1793 446 1831 ec
474 1793 599 1831 sum
631 1770 773 1830 adeo
802 1774 1098 1846 informis;
1143 1792 1325 1850 nuper
1352 1791 1447 1830 me
1475 1773 1534 1829 in
1564 1771 1752 1830 littore
1779 1770 1919 1846 vidi,

316 1853 514 1924 Quum
541 1851 831 1929 placidum
859 1851 1048 1911 ventis
1075 1859 1250 1909 staret
1275 1871 1432 1908 mare
1458 1871 1471 1908 z
1517 1869 1634 1908 non
1662 1870 1770 1926 ego
1797 1848 2097 1928 Daphnin,

311 1930 345 1988 J
352 1931 518 1989 udice
546 1940 627 2024 te,
653 1940 924 2005 metuam,
953 1930 1002 1987 si
1030 1949 1323 2006 nunquam
1351 1928 1510 1990 sallat
1537 1929 1748 2005 imago.

394 2009 446 2067 Ο
477 2015 698 2068 tantum
729 2007 909 2067 libeat
936 2027 1167 2066 mecum
1195 2008 1301 2066 tibi
1330 2007 1562 2066 sordida
1586 2027 1717 2065 rura

315 2088 509 2164 Atque
538 2085 788 2145 humiles
816 2086 1074 2145 habitare
1103 2106 1285 2163 casas,
1316 2095 1377 2158 et
1403 2086 1579 2162 figere
1608 2104 1829 2161 cervos,

315 2167 746 2242 Haedorumque
774 2186 1005 2243 gregem
1034 2166 1204 2224 viridi
1232 2166 1580 2243 compellere
1608 2165 1834 2224 hibisco
1857 2167 1871 2223 2

315 2244 555 2303 Mecum
582 2246 698 2302 una
726 2245 785 2302 in
813 2244 972 2303 silvis
999 2244 1298 2303 imitabere
1327 2244 1491 2303 Pana
1516 2245 1780 2303 canendo
1806 2265 1819 2302 :
1900 2275 1907 2281 ·

313 2323 438 2382 Pan
469 2324 687 2401 primus
715 2323 967 2381 calamos
993 2325 1127 2381 cerii
1154 2327 1507 2402 conjungere
1533 2323 1728 2399 plures

316 2401 608 2476 Instituit3
652 2402 777 2459 Pan
805 2411 967 2460 curat
992 2422 1131 2460 oves
1159 2402 1469 2477 oviumque
1499 2400 1815 2476 magistros.

315 2481 376 2540 N
380 2500 448 2539 ec
475 2489 532 2539 te
558 2481 837 2558 poeniteat
862 2480 1089 2538 calamo
1118 2480 1344 2538 trivisse
1373 2479 1646 2536 labellum
1677 2498 1692 2536 ε

316 2559 464 2617 Haec
492 2560 695 2617 eadem
723 2568 788 2617 ut
813 2559 1002 2632 sciret,
1032 2559 1170 2634 quid
1197 2578 1312 2616 non
1342 2557 1589 2615 faciebat
1615 2557 1946 2631 Amyntas?

249 2637 258 2648 ⁴
316 2638 428 2696 Est
455 2638 597 2696 mihi
625 2636 948 2714 disparibus
975 2646 1198 2713 septem
1227 2644 1527 2713 compacta
1554 2635 1757 2693 cicutis

316 2717 557 2790 Fistula,
587 2718 886 2778 Damoetas
914 2718 1066 2775 dono
1096 2716 1238 2773 mihi
1266 2734 1438 2791 quam
1466 2714 1625 2772 dedit
1650 2713 1809 2787 olim,

317 2796 398 2853 Et
425 2796 572 2853 dixit
599 2795 848 2853 moriens
872 2814 885 2852 :
930 2793 1021 2851 Te
1050 2813 1203 2851 nunc
1231 2792 1410 2851 habet
1436 2793 1546 2852 ista
1571 2793 1911 2851 secundum.

316 2874 487 2944 Dixit
513 2874 811 2932 Damoetas
833 2866 851 2947 ;v
893 2872 1102 2931 invidit
1130 2872 1336 2930 stultus
1366 2873 1666 2949 Amyntas.

316 2952 606 3012 Praeterea
632 2953 766 3027 duo,
796 2971 906 3011 nec
933 2952 1055 3010 tuta
1083 2951 1227 3008 mihi
1255 2950 1406 3008 valle
1434 2949 1680 3029 reperti,-

319 3031 607 3109 Capreoli,
636 3030 847 3109 sparsis
875 3031 1048 3088 etiam
1077 3048 1232 3087 nunc
1258 3028 1509 3112 pellibus
1538 3029 1690 3104 albo,

317 3110 472 3168 Bina
496 3111 590 3168 die
619 3110 837 3168 siccant
863 3109 986 3166 ovis
1015 3109 1230 3182 ubera3
1275 3128 1420 3185 quos
1446 3108 1553 3167 tibi
1580 3127 1765 3166 servo.

317 3188 446 3247 Jam
474 3189 697 3267 pridem
726 3209 761 3246 a
787 3208 881 3246 me
908 3187 1038 3246 illos
1067 3188 1352 3245 abducere
1382 3187 1680 3263 Thestylis
1707 3191 1868 3258 orat3

319 3268 403 3332 Et
426 3268 616 3341 saciet,
645 3268 913 3344 quoniam
944 3268 1178 3325 sordent
1202 3266 1308 3325 tibi
1333 3285 1576 3324 munera
1601 3272 1809 3322 nostra.

397 3346 534 3408 Huc
564 3346 720 3420 ades,
749 3366 785 3403 o
813 3345 1061 3405 formose
1086 3363 1267 3423 puer:
1311 3344 1419 3403 tibi
1446 3344 1567 3403 lilia
1591 3342 1781 3420 plenis

320 3425 481 3484 Ecce
509 3424 699 3482 serunt
723 3425 787 3483 N
787 3426 1020 3501 ymphae
1046 3425 1288 3485 calathis
1309 3444 1326 3498 ;
1370 3423 1476 3482 tibi
1501 3422 1750 3482 candida
1773 3421 1943 3497 Nais,

319 3503 615 3563 Pallentes
643 3503 825 3562 violas
851 3513 912 3562 et
938 3523 1162 3562 summa
1186 3522 1471 3581 papavera
1496 3520 1758 3579 carpens,

319 3582 658 3644 Narcissum
686 3591 746 3641 et
770 3582 971 3641 florem
1006 3583 1202 3661 jungit
1225 3583 1377 3641 bene
1404 3581 1614 3641 olentis
1643 3579 1878 3654 anethi3

310 3657 499 3736 ffum,
529 3661 685 3719 casia
713 3670 884 3738 atque
913 3662 1039 3720 aliis
1065 3662 1333 3720 intexens
1361 3661 1634 3720 suavibus
1659 3660 1874 3736 herbis,

320 3740 530 3800 Mollia
553 3740 770 3799 luteola
834 3740 980 3817 ingit
1004 3741 1266 3801 vaccinia
1291 3741 1500 3800 caltha·

323 3818 456 3899 Ipse
484 3839 595 3897 ego
621 3839 770 3880 cana
816 3817 984 3898 egam
1012 3821 1212 3881 tenera
1238 3821 1512 3897 lanugine
1539 3820 1711 3896 mala,

2207 602 2278 658 10

2209 994 2280 1047 15

2204 1776 2281 1828 25

2203 2170 2280 2222 30

2203 2558 2280 2612 35

2203 2952 2282 3006 40
