2717 4300
1179 326 1408 381 LIBER.
1444 326 1573 381 vn.

400 467 554 527 Cum
580 467 723 528 vitta
752 467 938 528 crines
961 490 974 529 ε
1017 477 1138 529 tum
1165 492 1389 532 ramum
1413 474 1654 532 innectit
1678 473 1863 533 olivo·

400 547 500 605 Fit
525 547 765 623 Calybe,
792 547 1033 606 Junonis
1061 568 1202 607 anus
1228 552 1545 626 templique
1573 553 1839 611 sacerdos
1864 572 1878 611 z

400 625 482 682 Et
511 625 705 683 'uveni
733 635 863 684 ante
892 626 1089 684 oculos
1116 627 1206 685 his
1234 646 1295 685 se
1323 647 1457 686 cum
1481 629 1718 686 vocibus
1747 629 1950 690 offert:

535 722 695 778 urnc,
724 712 808 761 tot
833 704 1118 762 incassum
1145 705 1300 763 fusos
1327 704 1547 782 patiere
1573 707 1815 782 laboreS,

403 780 482 838 Et
507 789 605 838 tua
631 781 937 839 Dardaniis
964 783 1261 840 transcribi
1288 792 1511 860 sceptra
1537 785 1801 842 colonis?

400 858 536 915 Rex
564 858 666 916 tibi
693 861 1023 937 conjugium
1051 868 1110 919 et
1135 861 1400 936 quaesitas
1428 862 1705 937 sanguine
1731 863 1893 922 dotes

401 937 685 1012 Abnegat,
715 946 1098 1014 externusque
1124 938 1184 995 in
1212 958 1451 1014 regnum
1478 941 1745 1015 quaeritur
1768 941 1969 999 haeres.

405 1014 431 1070 I
461 1033 632 1086 nunc,
661 1015 894 1090 ingratis
922 1015 1064 1073 offer
1090 1024 1166 1090 te,
1197 1017 1375 1092 irrise,
1404 1018 1632 1094 periclis
1656 1037 1670 1074 z

401 1091 748 1167 Tyrrhenas,
777 1093 815 1167 i,
841 1102 1029 1152 sterne
1058 1094 1246 1166 acies3
1289 1102 1420 1170 tege
1446 1114 1591 1172 pace
1620 1096 1873 1155 Latinos·

403 1170 548 1227 Haec
577 1167 720 1227 adeo
748 1171 852 1228 tibi
880 1191 991 1247 me,
1021 1172 1244 1249 placida
1271 1192 1452 1248 quum
1480 1180 1648 1230 nocte
1666 1175 1912 1251 jaceres,

405 1247 538 1323 Ipsa
562 1248 751 1324 palam
779 1250 883 1306 fari
909 1250 1272 1326 omnipotens
1302 1250 1568 1308 Saturnia
1585 1251 1775 1328 jussit.

326 1375 333 1378 ,
406 1323 598 1395 Quare
627 1346 752 1402 age,
784 1335 842 1384 et
869 1328 1072 1384 armari
1096 1327 1333 1405 pubem,
1360 1328 1655 1404 portisque
1681 1327 1919 1405 moveri,

404 1404 594 1461 Laetus
620 1405 681 1461 in
708 1423 864 1462 arma
889 1424 1057 1481 para3
1099 1414 1158 1464 et
1183 1403 1484 1482 Phrygios,
1514 1406 1613 1482 qui
1636 1405 1873 1466 flumine
1896 1405 2139 1485 pulchro

402 1480 753 1557 Consedere,
783 1484 980 1558 duces,
1008 1483 1304 1561 pictasque
1333 1502 1512 1541 exure
1536 1484 1774 1541 carinas.

403 1559 717 1617 Coelestfim
745 1561 833 1618 vis
861 1580 1067 1636 magna
1084 1562 1268 1639 jubet.
1349 1562 1486 1619 Rex
1513 1562 1637 1639 ipse
1663 1562 1924 1638 Latinus,

402 1636 485 1694 Ni
513 1638 648 1694 dare
674 1638 1023 1715 conjugium,
1052 1647 1112 1696 et
1136 1640 1289 1697 dieto
1316 1658 1517 1715 parere
1542 1640 1766 1716 fatetur,

405 1713 643 1788 Sentiat,
672 1724 731 1774 et
755 1717 984 1774 tandem
1011 1716 1274 1774 Turnum
1303 1717 1630 1793 experiatur
1655 1718 1716 1776 in
1744 1717 1932 1776 armis.
2024 1775 2029 1782 ,

482 1792 599 1850 Hic
633 1794 871 1867 ‘uvenis,
900 1801 1089 1852 vatem
1116 1795 1375 1870 irridens,
1405 1796 1487 1853 sic
1514 1815 1643 1854 orsa
1665 1796 1921 1856 vicissim

405 1869 521 1929 Ore
547 1812 752 1928 reffert:
796 1871 1025 1930 Classes
1045 1873 1300 1931 invectas
1328 1872 1603 1948 Tybridis
1627 1874 1844 1932 undam

403 1949 559 2024 Non,
587 1956 654 2006 ut
679 1968 821 2024 rere,
849 1968 1009 2007 meas
1037 1950 1240 2026 effugit
1263 1952 1498 2009 nuntius
1526 1969 1728 2024 aures;

404 2027 500 2085 Ne
526 2035 711 2085 tantos
738 2028 881 2085 mihi
907 2027 1061 2103 finge
1087 2037 1272 2088 metus
1296 2049 1310 2086 t
1352 2048 1464 2087 nec
1490 2030 1647 2108 regia
1669 2029 1823 2088 Juno

407 2104 718 2164 Immemor
742 2114 831 2164 est
855 2106 1049 2164 nostri.
1455 2152 1468 2167 ,

407 2185 521 2242 Sed
551 2191 608 2242 te
633 2184 789 2242 victa
814 2184 926 2242 situ
953 2185 1189 2261 verique
1218 2184 1412 2243 effoeta
1438 2195 1722 2262 senectus,

405 2261 458 2321 Ο
485 2271 682 2337 mater,
712 2262 863 2320 curis
890 2262 1285 2339 nequidquam
1311 2271 1560 2338 exercet,
1589 2272 1649 2322 et
1674 2283 1831 2322 arma

403 2340 634 2415 Regum
660 2340 810 2399 inter
834 2339 976 2398 salsa
1001 2349 1193 2399 vatem
1220 2340 1526 2399 formidine
1552 2341 1714 2401 ludit.

404 2418 560 2476 Cura
585 2417 707 2493 tibi,
735 2417 935 2476 divum
963 2418 1183 2494 effigies
1211 2428 1270 2478 et
1294 2420 1509 2496 templa
1533 2420 1719 2478 tueri:

404 2496 572 2553 Bella
594 2496 703 2553 viri
729 2514 1045 2574 pacemque
1073 2506 1289 2573 gerent,
1319 2499 1485 2574 queis
1508 2498 1663 2556 bella
1687 2497 1953 2574 gerenda.

482 2573 722 2632 Talibus
746 2573 974 2633 Allecto
1003 2576 1170 2634 dictis
1198 2577 1412 2634 exarsit
1435 2576 1497 2634 in
1523 2576 1652 2635 iras.

406 2655 484 2710 At
501 2652 706 2731 juveni
733 2652 913 2710 oranti
941 2653 1161 2712 subitus
1190 2662 1400 2712 tremor
1425 2664 1669 2732 occupat
1696 2662 1885 2727 artus;

404 2728 709 2805 Diriguere
734 2730 889 2789 oculi
912 2750 926 2788 τ
967 2739 1053 2791 tot
1078 2732 1332 2809 Erinnys
1359 2733 1550 2792 sibilat
1575 2733 1790 2811 hydris,

405 2808 704 2884 Tantaque
731 2827 794 2866 se
820 2808 995 2868 facies
1022 2811 1218 2886 aperit.
1302 2811 1458 2869 Tum
1485 2812 1754 2870 flammea
1778 2820 2048 2889 torquens

407 2886 673 2963 Lumina,
701 2895 1086 2957 cunctantem,
1115 2897 1174 2947 et
1198 2898 1555 2965 quaerentem
1584 2891 1778 2948 dicere
1804 2889 1989 2967 plura,

405 2964 662 3040 Repulit,
692 2972 751 3023 et
776 2964 1038 3040 geminos
1065 2968 1248 3024 erexit
1272 2967 1524 3026 crinibus
1552 2982 1808 3042 angue8,·

406 3042 775 3119 Verberaque
801 3042 1073 3117 insonuit,
1102 3043 1413 3119 rabidoque
1439 3044 1565 3103 haec
1593 3046 1810 3103 addidit
1835 3063 1932 3103 ore
1954 3064 1969 3101 t

408 3119 502 3177 En
533 3139 639 3196 ego
665 3121 818 3179 victa
844 3120 976 3196 situ,
1007 3140 1178 3196 quam
1203 3121 1325 3178 veri
1353 3121 1545 3181 effoeta
1571 3132 1841 3183 senectus

407 3201 585 3256 Arma
608 3199 758 3257 inter
781 3217 985 3276 regum
1013 3199 1156 3257 falsa
1182 3198 1484 3258 formidine
1511 3201 1676 3259 ludit.

406 3276 658 3352 Respice
686 3277 757 3334 ad
776 3276 904 3336 haec
928 3298 942 3335 :
986 3278 1190 3336 adsum
1218 3277 1466 3336 dirarum
1495 3279 1564 3337 ab
1592 3280 1732 3338 sede
1758 3297 2015 3336 sororum
2039 3297 2054 3336 ε

408 3354 574 3411 Bella
598 3374 771 3413 manu
795 3355 1094 3434 latumque
1121 3374 1275 3431 gero.

410 3433 507 3490 Sic
534 3433 706 3491 effata
728 3433 912 3492 facem
932 3435 1137 3513 juveni
1164 3433 1435 3512 conjecit,
1465 3443 1524 3493 et
1550 3443 1669 3493 atro

408 3511 657 3570 Lumine
683 3511 966 3572 fumantes
992 3514 1120 3572 fixit
1145 3513 1251 3571 sub
1276 3520 1511 3590 pectore
1536 3513 1732 3571 taedas.

488 3589 605 3649 Olli
633 3609 898 3648 somnum
923 3592 1127 3668 ingens
1153 3592 1366 3668 rumpit
1390 3610 1603 3667 pavor:
1647 3609 1887 3668 ossaque
1913 3598 1971 3650 et
1996 3598 2148 3652 artus

408 3667 712 3726 Perfundit
735 3676 855 3727 toto
879 3678 1185 3747 proruptus
1212 3688 1451 3746 corpore
1477 3669 1665 3727 sudor.

410 3747 589 3803 Arma
614 3764 813 3803 amens
839 3747 1063 3820 fremit3
1105 3767 1262 3805 arma
1286 3757 1408 3805 toro
1435 3747 1715 3825 tectisque
1741 3748 1991 3824 requirit.

368 3856 373 3861 -
414 3823 593 3881 Saevit
616 3843 775 3883 amor
798 3824 948 3899 ferri,
976 3834 1035 3884 et
1059 3825 1332 3883 scelerata
1355 3825 1581 3884 insania
1603 3826 1762 3901 belli,

413 3901 509 3960 Ira
532 3899 722 3979 super.
805 3902 1024 3980 Magno
1049 3902 1227 3961 veluti
1253 3923 1431 3981 quum
1458 3903 1688 3961 flamma
1712 3920 1917 3962 sonore

2231 636 2347 690 420

2231 1023 2345 1077 425

2232 1798 2350 1851 435

2230 2189 2349 2243 440

2236 2968 2352 3021 450

2238 3362 2368 3416 455·

2237 3751 2352 3804 460
