2717 4300
1129 332 1359 392 LIBER
1397 333 1527 392 ΧΠ.

364 470 736 563 Responsant
760 483 932 559 circa,
960 490 1020 542 et
1044 483 1254 542 coelum
1277 492 1443 543 'tonat
1468 498 1640 546 omne
1665 486 1935 546 tumultu.

368 565 498 639 Ille,
526 557 696 621 simul
723 562 966 637 fugiens,
995 562 1243 644 Rutulos
1268 562 1444 619 simul
1470 556 1731 640 increpat
1756 583 1984 641 omnes,

368 642 624 701 Nomine
651 649 940 718 quemque
955 658 1203 712 vocans3
1241 650 1563 716 notumque
1589 639 1862 718 efflagitat
1886 661 2108 701 ensem'.

368 719 591 778 AEneas
620 727 859 776 mortem
887 716 1087 776 contra
1111 736 1486 796 praesensque
1510 717 1757 778 minatur
1789 759 1796 770 .

369 798 653 873 Exitium,
682 797 731 854 si
757 797 1061 874 quisquam
1088 796 1292 869 adeat,
1336 793 1623 873 terretque
1649 805 1980 874 trementes,

369 877 721 940 Excisurum
748 874 951 932 urbem
978 874 1269 948 minitans,
1297 884 1364 932 et
1384 875 1614 932 saucius
1641 874 1831 934 instat.

367 956 647 1032 Quinque
675 952 1112 1030 orbes'explent
1133 971 1325 1027 cursu,
1354 953 1713 1029 totidemque
1733 961 2004 1014 retexunt
2033 949 2038 956 ’

370 1034 526 1107 Huc,
554 1033 729 1104 illuc,
773 1037 963 1107 neque
990 1031 1147 1089 enim
1174 1031 1328 1088 levia
1354 1038 1455 1088 aut
1479 1030 1698 1088 ludicra
1721 1039 1997 1109 petuntur

369 1111 635 1184 Praemia,
664 1109 765 1167 sed
794 1109 981 1167 Turni
998 1110 1081 1167 de
1106 1109 1226 1166 vita
1252 1118 1315 1168 et·
1339 1108 1621 1184 sangnine
1647 1117 1883 1169 certant.

450 1187 626 1246 Forte
656 1205 817 1245 sacer
841 1187 1049 1246 Fauno
1075 1186 1226 1244 soliis
1252 1187 1497 1244 oleaster
1524 1187 1731 1248 amaris

374 1265 490 1326 Hic
518 1272 768 1340 steterat,
795 1264 985 1323 nautis
1011 1257 1508 1342 olim“venerabile
1533 1265 1796 1339 signum;

371 1325 599 1404 Servati
626 1361 702 1401 ex
727 1341 899 1400 undis
923 1341 1025 1400 ubi
1051 1342 1228 1418 figere
1255 1343 1408 1408 dona
1434 1341 1722 1402 solebant.

374 1422 645 1480 Laurenti
671 1421 825 1496 divo,
854 1429 915 1479 et
937 1428 1100 1479 votas
1127 1421 1480 1498 suspendere
1505 1427 1731 1478 vestes:
1755 1473 1758 1478 .

371 1502 491 1559 Sed
518 1501 752 1578 stirpem
780 1498 1014 1574 Teucri,
1044 1500 1204 1556 nullo
1231 1498 1580 1572 discrimine,
1609 1516 1835 1558 sacrum

371 1579 751 1653 Sustulerant,
779 1596 925 1654 puro
951 1585 1016 1635 ut
1081 1585 1277 1635 ossent
1301 1587 1645 1634 concurrere
1673 1593 1897 1654 campo.

380 1657 503 1716 Hic
530 1658 694 1715 hasta
708 1657 918 1713 AEneae
938 1672 974 1713 ¹s
1071 1664 1161 1733 atj
1203 1656 1321 1714 huc
1346 1656 1598 1732 impetus
1623 1654 1782 1712 illam
1818 1694 1826 1702 -

370 1736 672 1794 Detulerat
697 1734 892 1808 fixam,
921 1742 985 1792 et
1009 1733 1166 1792 lenta
1190 1734 1250 1792 in
1281 1735 1473 1808 radice
1500 1732 1751 1791 tenebat«

375 1813 663 1887 Incubuit,
691 1812 987 1889 voluitque
1016 1829 1191 1870 manu
1219 1811 1545 1870 convellere
1572 1811 1784 1869 serrum
1883 1809 1898 1823 ‘

371 1891 753 1965 Dardanides,
781 1890 1012 1967 teloque
1039 1891 1204 1967 sequi
1230 1909 1406 1966 quem
1432 1889 1715 1965 prendere
1741 1905 1910 1946 cursu

373 1971 435 2029 N
437 1990 511 2028 on
538 1977 775 2048 poterat.
860 1968 1013 2026 Tum
1039 1965 1179 2025 vero
1207 1987 1407 2026 amens
1432 1967 1736 2028 formidine
1763 1965 2016 2041 Turnus,

374 2048 598 2121 Faune,
626 2064 846 2125 precor,
874 2046 1164 2121 miserere,
1193 2046 1397 2122 inquit,
1426 2053 1601 2120 tuque
1628 2044 1847 2121 optima
1870 2044 2097 2103 ferrum·

374 2124 556 2184 Terra
580 2134 736 2201 tene,
764 2123 918 2182 colui
944 2131 1164 2182 vestros
1190 2123 1239 2181 si
1266 2142 1497 2218 semper
1515 2123 1783 2197 honores,

375 2204 542 2275 Quos
570 2201 768 2263 contra
789 2202 1078 2260 ·.AEneadae
1107 2200 1261 2258 bello
1287 2201 1478 2259 fecere
1504 2200 1790 2277 profanos.

374 2282 561 2357 Dixit,
590 2298 874 2359 opemque
901 2280 995 2338 dei
1023 2298 1138 2336 non
1168 2297 1330 2336 cassa
1355 2278 1416 2335 in
1442 2285 1577 2335 vota
1603 2276 1845 2335 vocavit.

375 2359 649 2437 Namque
675 2360 780 2417 diu·
802 2357 1041 2432 luctans,
1072 2357 1342 2433 lentoque
1371 2355 1429 2413 in
1458 2355 1633 2431 stirpe
1659 2360 1929 2428 moratus,

375 2436 616 2494 Viribus
643 2437 799 2494 hand
826 2435 960 2494 ullis
985 2434 1173 2492 valuit
1190 2434 1514 2492 discludere
1537 2448 1760 2490 morsus
1785 2432 1792 2437 ”

376 2515 625 2573 Roboris
653 2514 887 2572 AEneas.
968 2514 1128 2572 Dum
1154 2512 1354 2570 nititur
1379 2529 1531 2585 acer,
1560 2517 1621 2567 et
1644 2509 1835 2583 instat,

373 2593 599 2651 Rursus
622 2593 683 2650 in
711 2592 921 2668 aurigae
950 2591 1157 2650 faciem
1186 2597 1403 2648 mutata
1429 2586 1667 2646 Metisci

249 2698 255 2703 ·
376 2671 683 2745 Procurrit,
713 2670 981 2747 fratrique
1011 2686 1208 2727 ensem
1238 2670 1348 2726 dea
1374 2666 1608 2725 Daunia
1631 2663 1836 2723 reddit.

377 2750 555 2820 Quod
583 2750 789 2806 Venus
818 2749 1020 2806 audaci
1045 2748 1340 2824 Ny‘mphae
1370 2745 1667 2821 indignata
1692 2739 1886 2819 licere,

375 2827 661 2900 Accessit,
687 2824 978 2902 telumque
1006 2825 1120 2883 alta
1149 2825 1219 2882 ab
1246 2824 1438 2883 ‘radice
1464 2822 1704 2881 revellit.

375 2905 497 2965 Olli
524 2903 818 2977 sublimes,
847 2902 1016 2960 armis
1044 2902 1365 2978 animisque
1392 2901 1609 2975 refecti,

377 2985 496 3043 Hic
524 2982 715 3060 gladio
743 2981 948 3055 fidens,
968 2978 1072 3049 „hic
1099 2998 1229 3036 acer
1256 2977 1315 3037 et
1339 2979 1549 3036 arduus
1573 2976 1759 3052 hasta,

375 3062 684 3127 Adsistunt
707 3056 926 3134 contra,
955 3057 1270 3114 certamine
1297 3056 1504 3114 Martis
1531 3054 1743 3113 anheli.

453 3141 745 3200 Junonem
772 3139 994 3196 interea
1020 3153 1123 3193 rex
1149 3133 1559 3211 omnipotentis
1583 3132 1822 3210 Olympi
1849 3200 1856 3207 „

377 3219 724 3296 Alloquitur,
751 3217 910 3277 fulva
936 3233 1158 3293 pugnas
1185 3213 1259 3271 de
1286 3211 1442 3270 nube
1469 3219 1747 3270 tuentem.

381 3299 534 3370 Quae
555 3300 679 3377 jam
707 3295 839 3354 finis
866 3294 993 3370 erit,
1022 3292 1283 3371 conjux?
1322 3289 1466 3366 quid*
1489 3290 1741 3366 denique
1766 3287 1983 3345 restat?

379 3376 705 3452 Indigetem
732 3373 965 3432 AEnean
997 3371 1109 3430 scis
1136 3371 1279 3448 ipsa,
1309 3372 1378 3427 et*
1395 3368 1541 3426 scire
1567 3366 1779 3442 fateris,

379 3454 601 3512 Deberi
624 3450 795 3528 coelo,
824 3451 1075 3529 satisque
1100 3449 1171 3508 ad
1201 3448 1390 3506 sidera
1411 3445 1557 3509 tolli.
1943 3519 1954 3525 ³

381 3532 543 3603 Quid
569 3531 785 3590 struis?
826 3538 925 3588 aut
949 3529 1065 3605 qua
1093 3546 1197 3606 spe
1224 3524 1431 3603 gelidis
1456 3524 1519 3582 in
1545 3520 1799 3582 nubibus
1822 3517 2055 3581 haeres?

378 3606 679 3672 Mortalin?
705 3608 899 3667 decuit
921 3606 1121 3666 violari
1148 3606 1388 3665 vulnere
1416 3596 1658 3661 divum?

372 3691 504 3748 Aut
531 3706 730 3746 ensem
795 3685 933 3761 quid
960 3685 1117 3761 enim
1148 3685 1272 3742 sine
1298 3691 1357 3741 te
1383 3682 1419 3741 J
1422 3690 1627 3740 uturna
1650 3677 1871 3737 valeret
1888 3674 1943 3755 ?)

379 3767 666 3844 Ereptum
692 3783 754 3823 re
796 3764 855 3822 di
882 3763 1111 3837 Turno,
1132 3772 1191 3821 et
1214 3762 1336 3819 vim
1366 3778 1626 3818 crescere
1653 3756 1821 3815 victis
1844 3758 1867 3813 ?
1895 3829 1900 3833 q
1945 3831 1960 3846 ·

378 3846 604 3905 Desine
621 3847 747 3925 jam
775 3841 1028 3915 tandem,
1056 3841 1438 3918 precibusque
1463 3837 1758 3896 inflectere
1784 3839 2032 3902 nostns3

2213 723 2332 779 ’760

2214 1111 2338 1166 765

2215 1453 2348 1554 m

2199 1887 2332 1967 ‘¹775

2219 3052 2339 3107 ’790
