2717 4300
320 328 440 384 1762
1111 322 1473 381 AENEIDOS

318 475 537 539 Navita
562 475 666 533 sed
692 473 867 534 tristis
893 492 1047 532 nunc
1074 473 1182 535 hos
1208 492 1364 531 nunc
1392 472 1601 550 accipit
1625 470 1793 547 illos3
2163 476 2279 533 316

316 557 429 614 Ast
454 554 595 612 alios
620 554 791 630 longe
821 552 1113 610 submotos
1141 561 1296 610 arcet
1322 552 1514 611 arena.

320 633 557 706 AEueas,
586 632 820 690 miratus
848 631 1026 706 enim,
1054 637 1356 706 motusque
1383 629 1651 704 tumultu,

319 711 454 787 Dic,
485 711 580 786 ait,
610 730 645 767 o
667 710 852 785 virgo,
881 709 1019 785 quid
1046 709 1170 767 vult
1196 727 1511 766 concursus
1539 708 1612 765 ad
1633 708 1904 764 amnem?

323 789 556 861 Quidve
582 794 788 864 petunt
814 788 1062 844 animae‘?
1103 787 1198 845 vel
1226 806 1339 864 quo
1369 785 1695 844 discrimine
1721 785 1874 863 ripas

321 867 436 924 Hae
463 867 750 943 linquunt,
777 865 892 923 illae
921 866 1093 923 remis
1119 866 1267 923 vada
1291 865 1470 922 livida
1493 865 1768 923 verrunt?
2163 867 2278 922 320

322 944 442 1002 Olli
465 944 550 1002 sic
578 938 827 1002 breriter
851 944 967 1002 fata
994 953 1082 1002 est
1105 944 1371 1019 longaeva
1397 943 1663 1001 sacerdos
1687 962 1702 999 z

320 1023 582 1080 Anchisa⁴
607 1031 897 1099 generate,
927 1021 1101 1079 deum
1128 1023 1446 1080 certissima
1470 1021 1678 1097 proles,

322 1100 532 1177 Cocyti
560 1110 761 1175 stagna
787 1100 901 1158 alta
925 1100 1107 1175 videS,
1140 1100 1511 1176 Stygiamque
1537 1098 1828 1176 paludem,

322 1177 404 1234 Di
430 1181 597 1258 cujus
614 1182 809 1257 jurare
835 1179 1042 1236 timent
1067 1187 1127 1236 et
1150 1178 1347 1236 fallere
1374 1197 1610 1235 numen.

323 1256 475 1315 Haec
502 1258 707 1333 omnis,
736 1275 911 1333 quam
937 1252 1142 1331 cernis,
1170 1257 1340 1333 inops
1366 1256 1777 1333 inhumataque
1802 1254 1969 1315 turba
1992 1261 2116 1313 estz
2165 1258 2280 1313 325

322 1333 572 1394 Portitor
600 1336 715 1411 ille,
744 1335 975 1394 Charon
998 1355 1013 1392 t
1061 1335 1144 1409 hi,
1172 1354 1319 1410 quos
1347 1334 1511 1393 vehit
1539 1334 1710 1409 unda,
1739 1333 1965 1412 sepulti.

322 1413 386 1471 N
387 1431 454 1471 ec
482 1414 635 1491 ripas
662 1414 826 1471 datur
850 1413 1162 1478 horrendas
1190 1421 1249 1471 et
1274 1431 1447 1470 rauca
1469 1412 1686 1470 fluenta

323 1490 735 1570 Transportare
761 1488 939 1568 prius,
969 1488 1139 1568 quam
1169 1490 1403 1548 sedibus
1431 1510 1561 1549 ossa
1586 1488 1873 1567 quierunt.

323 1570 576 1628 Centum
604 1578 793 1627 errant
819 1588 1017 1644 annos,
1045 1569 1403 1645 volitantque
1430 1568 1560 1626 haec
1588 1568 1778 1627 littora
1801 1569 2060 1643 circum3

323 1647 478 1705 Tum
507 1648 737 1704 demum
767 1646 999 1704 admissi
1027 1655 1227 1722 stagna
1244 1655 1522 1724 exoptata
1540 1647 1812 1705 revisunt.
2169 1649 2284 1705 330

323 1725 598 1783 Constitit
622 1725 883 1783 Anchisa
908 1733 1084 1800 satuS,
1115 1733 1178 1783 et
1203 1726 1447 1800 vestigia
1467 1725 1691 1802 pressit,

324 1804 515 1861 Multa
539 1812 766 1880 putans,
795 1813 1123 1879 sortemque
1151 1804 1343 1860 animo
1372 1804 1669 1873 miseratus
1695 1802 1974 1880 iniquam.

324 1882 527 1939 Cernit
553 1883 634 1940 ibi
662 1890 915 1956 moestoS,
946 1890 1005 1939 et
1030 1882 1227 1939 mortis
1254 1881 1475 1939 honore
1505 1889 1786 1956 carentes,

325 1960 657 2036 Lucaspim‚
688 1970 747 2018 et
774 1960 971 2036 Lyciae
1001 1960 1300 2018 ductorem
1329 1960 1528 2017 classis
1556 1960 1854 2035 Orontem,

327 2039 491 2110 Quos
519 2038 689 2095 simul
719 2058 753 2095 a
778 2038 957 2118 Troja
982 2047 1223 2096 ventosa
1247 2058 1353 2116 per
1380 2057 1609 2114 aequora
1632 2045 1831 2096 vectos
2172 2040 2286 2095 335

326 2116 531 2176 Obruit
557 2119 790 2194 Auster,
820 2118 969 2195 aqua
996 2117 1296 2176 involvens
1324 2135 1651 2193 navemque
1676 2117 1961 2195 virosque.

403 2197 566 2254 Ecce
596 2196 938 2272 gubernator
964 2214 1093 2254 sese
1119 2196 1425 2255 Palinurus
1454 2196 1676 2273 agebat,

327 2273 447 2345 Qui
474 2274 695 2351 Libyco
723 2294 907 2352 nuper
933 2295 1123 2351 cursu,
1153 2276 1291 2333 dum
1319 2276 1504 2333 sidera
1533 2283 1740 2351 servat,

325 2353 643 2412 Exciderat
665 2354 864 2432 puppi,
888 2355 1094 2414 mediis
1122 2354 1341 2412 effusus
1369 2355 1428 2412 in
1458 2354 1644 2411 undis.

326 2430 503 2490 Hunc
532 2431 631 2491 ubi
657 2434 759 2490 vix
786 2433 970 2491 multa
997 2439 1267 2490 moestum
1289 2433 1561 2508 cognovit
1584 2432 1645 2489 in
1672 2430 1897 2506 umbra,
2172 2434 2289 2488 340

329 2510 426 2568 Sic
453 2510 609 2587 prior
636 2511 982 2587 alloquitur:
1027 2510 1178 2582 Quis
1203 2522 1282 2585 te,
1310 2510 1603 2586 Palinure,
1632 2511 1872 2568 deorum

327 2587 561 2664 Eripuit
607 2589 793 2663 nobiS,
825 2589 1135 2665 medioque
1162 2588 1271 2646 sub
1301 2607 1531 2664 aequore
1561 2588 1802 2646 mersit?

327 2665 443 2722 Dic
471 2686 607 2743 age3
649 2685 920 2744 namque,
946 2666 1091 2723 mihi
1118 2666 1294 2723 fallax
1319 2666 1476 2723 haud
1505 2664 1637 2724 ante
1666 2674 1946 2744 repertus,

327 2737 462 2802 Hoc
487 2762 605 2802 uno
632 2763 907 2822 responso
935 2745 1188 2801 animum
1217 2742 1430 2802 delusit
1455 2744 1688 2821 Apollo,

331 2821 450 2892 Qui
477 2822 596 2879 sore
624 2830 682 2881 te
708 2831 885 2900 ponto
910 2822 1281 2897 incolumem,
1310 2822 1572 2899 finesque
1599 2821 1843 2881 canebat
2175 2826 2289 2881 345

327 2900 655 2958 Venturum
682 2901 1006 2960 Ausonios:
1051 2920 1124 2958 en
1153 2900 1282 2958 haec
1307 2901 1590 2978 promissa
1614 2902 1760 2961 fides
1787 2903 1915 2961 est?

328 2977 438 3037 Ille
467 2988 693 3037 autem:
738 2980 950 3058 Neque
979 2988 1036 3038 te
1062 2979 1271 3038 Phoebi
1294 2980 1514 3038 cortina
1539 2980 1762 3058 fefellit,

329 3058 469 3115 Dux
496 3058 867 3133 Anchisiada,
897 3077 1007 3116 nec
1037 3078 1134 3116 me
1161 3059 1306 3117 deus
1334 3078 1565 3135 aequore
1592 3061 1806 3118 mersit.

327 3136 600 3213 Namque
628 3136 1037 3214 gubernaclum
1066 3137 1250 3196 multa
1276 3138 1334 3196 vi
1363 3136 1506 3197 forte
1536 3138 1847 3212 revulsum,

329 3215 444 3273 Cui
472 3215 637 3274 datus
666 3215 955 3274 haerebam
983 3224 1197 3293 custoS‚
1226 3235 1544 3294 cursusque
1570 3214 1859 3292 regebam,
2177 3220 2292 3275 350

327 3291 706 3370 Praecipitans
731 3296 879 3353 traxi
906 3314 1154 3353 mecum.
1238 3296 1430 3354 Maria
1455 3313 1656 3371 aspera
1670 3296 1804 3372 juro

328 3371 392 3429 N
394 3391 468 3428 on
496 3372 678 3430 ullum
704 3394 807 3450 pro
836 3393 930 3432 me
957 3382 1178 3434 tantum
1205 3373 1430 3450 cepisse
1454 3374 1741 3448 timorem,

333 3445 526 3520 Quam
554 3458 654 3508 tua
679 3470 775 3527 ne,
804 3453 1045 3529 spoliata
1071 3454 1259 3525 armis,
1289 3470 1535 3510 excussa
1560 3451 1849 3527 magistro,

330 3527 626 3587 Deficeret
650 3531 824 3587 tantis
849 3533 1011 3588 navis
1040 3531 1404 3606 surgentibus
1430 3529 1618 3588 undis·

333 3607 479 3664 Tres
508 3606 700 3664 Notus
727 3606 998 3666 hibernas
1023 3612 1313 3667 immensa
1337 3628 1443 3686 per
1469 3626 1698 3684 aequora
1723 3616 1925 3669 noctes
2177 3614 2292 3667 355

332 3684 516 3743 Vexit
544 3704 637 3742 me
664 3683 953 3743 violentus
982 3688 1168 3763 aqua:
1211 3688 1310 3744 vix
1339 3686 1561 3744 lumine
1588 3694 1787 3763 quarto

332 3763 615 3839 Prospexi
644 3761 890 3837 Italiam,
914 3764 1137 3820 summa
1165 3765 1426 3822 sublimis
1454 3763 1525 3822 ab
1552 3765 1729 3823 unda.

333 3839 620 3900 Paulatim
650 3839 931 3900 adnabam
958 3848 1157 3899 terrae:
1191 3845 1315 3919 jam
1341 3849 1466 3899 tuta
1490 3843 1798 3918 tenebam3
1891 3907 1895 3916 ,
