2717 4300
318 363 429 420 212
1111 363 1490 419 AENEIDOS.

322 512 580 589 Accessi,
611 519 669 570 et
694 513 939 590 cupidus
966 512 1192 574 Phenei
1220 512 1327 569 sub
1355 511 1569 569 moenia
1595 512 1754 588 duxi.
2166 518 2277 573 165

324 591 432 649 Ille
459 591 602 648 mihi
632 591 916 666 insignem
941 592 1263 669 pharetram
1294 591 1621 666 Lyciasque
1649 591 1898 666 sagittaS,

324 668 668 743 Disceden8‚
699 669 1177 745 chlamydemque
1206 677 1345 725 auro'
1372 668 1531 725 dedit
1556 669 1943 745 intertextam,

322 744 629 823 Frenaque
655 746 793 804 bina
819 747 983 804 meus
1010 764 1141 822 quae
1170 765 1324 803 nunc
1352 744 1529 803 habet
1555 765 1726 804 aurea
1751 747 1959 805 Pallas.

323 825 482 899 Ergo
510 834 569 882 et
594 843 766 900 quam
792 824 987 902 petitis
1006 826 1212 902 juncta
1236 831 1324 880 est
1350 823 1496 881 mihi
1521 822 1736 882 foedere
1763 825 1997 884 dextra:

323 902 423 977 Et,
451 902 554 960 lux
579 921 760 977 quum
784 900 1035 979 primum
1061 901 1223 960 terris
1251 920 1313 959 se
1341 902 1588 959 crastina
1614 903 1833 980 reddet,
2163 907 2275 962 170

323 979 561 1036 Auxilio
585 979 747 1058 loetos
776 980 1078 1055 dimittam,
1108 980 1429 1056 opibusque
1449 979 1685 1057 juvabo.

325 1057 552 1115 Interea
578 1076 736 1115 sacra
762 1058 908 1132 haee,
938 1059 1165 1134 quando
1193 1058 1307 1115 huc
1334 1058 1572 1116 venistis
1601 1058 1789 1134 amici,

321 1137 555 1210 Annua,
585 1153 716 1211 quae
746 1135 973 1193 differre
999 1135 1178 1210 nefas,
1208 1134 1497 1194 celebrate
1524 1135 1782 1194 faventes

320 1212 665 1288 Nobiscum,
694 1215 893 1291 etjam
921 1223 1076 1271 nu‘nc
1104 1214 1390 1271 sociorum
1418 1213 1728 1272 assuescite
1755 1215 1986 1272 mensis.
2025 1283 2032 1288 ,

400 1291 548 1349 Haec
573 1290 675 1348 ubi
702 1292 1080 1367 dicta,·dapes
1098 1290 1269 1370 jubet
1295 1299 1354 1348 et
1381 1291 1601 1348 sublata
1627 1294 1827 1385 reponi
2165 1297 2275 1353 175

320 1369 557 1444 Pocula,
587 1370 994 1446 gramineoque
1022 1370 1174 1427 viros
1201 1370 1356 1426 locat
1381 1370 1507 1445 ipse
1535 1370 1739 1444 sedi113

320 1447 801 1525 Praecipuumque
827 1456 950 1505 toro
978 1456 1036 1506 et
1063 1447 1250 1504 villosi
1276 1448 1430 1523 pelle
1456 1448 1640 1505 leonis

321 1525 552 1601 Accipit
577 1525 827 1600 AEnean,
856 1525 1117 1601 solioque
1143 1525 1346 1588 invitat
1371 1543 1596 1582 acerno.

321 1597 477 1659 Tum
502 1602 637 1660 lecti
655 1602 905 1680 juvenes
932 1603 1191 1660 certatim
1222 1620 1450 1678 araeque
1478 1604 1742 1661 sacerdos

320 1680 562 1738 Viscera
586 1688 734 1737 tosta
759 1680 956 1743 serunt
972 1683 1281 1753 taurorum,
1312 1688 1662 1757 onerantque
1690 1682 1951 1740 canistris
2165 1687 2274 1742 180

321 1757 495 1815 Dona
521 1756 789 1815 laboratae
820 1758 1065 1832 Cereris,
1096 1758 1512 1834 Bacchumque
1541 1758 1878 1819 ministrant.

320 1834 592 1893 Vescitur
616 1836 858 1911 AEneas,
885 1836 1054 1894 simul
1081 1845 1142 1893 ct
1166 1837 1421 1914 Trojana
1438 1838 1735 1914 juventus,
1847 1837 1858 1841 ⁸

320 1913 594 1990 Perpetui
619 1922 780 1990 tergo
806 1914 972 1971 bovis
1002 1922 1059 1972 et
1085 1914 1413 1972 lustralibus
1441 1915 1606 1972 extis.

397 1989 714 2069 Postquam
744 1991 1239 2069 exemptasames,
1268 2000 1325 2049 et
1353 2011 1512 2048 amor
1537 2011 1898 2069 compressus
1925 1994 2155 2071 edendi,

320 2069 456 2142 Rex
485 2070 789 2127 Evandrus
818 2070 896 2127 ait
919 2090 932 2127 :
977 2071 1038 2128 N
1041 2089 1115 2127 on
1143 2070 1268 2126 haec
1295 2070 1575 2127 solemnia
1600 2071 1786 2146 nobis,
2164 2076 2274 2131 185

322 2145 550 2207 Has'ex
577 2168 736 2206 more
764 2148 960 2226 dapes,
989 2147 1139 2206 hanc
1166 2150 1308 2207 tanti
1334 2147 1587 2206 numinis
1615 2169 1787 2225 aram,

321 2225 491 2283 Vana
518 2227 843 2304 superstitio
869 2235 1245 2304 veterumque
1273 2227 1469 2303 ignara
1496 2228 1734 2285 deorum

323 2303 639 2380 Imposuit:
683 2305 869 2381 saevis,
896 2304 1107 2383 hospes
1135 2305 1405 2383 Trojane‚
1433 2305 1665 2382 periclis

323 2381 547 2441 Servati
572 2382 831 2458 facimus,
860 2383 1205 2460 meritosque
1233 2402 1510 2440 novamus
1537 2382 1802 2441 honores.

317 2459 353 2517 J
357 2479 448 2516 am
475 2457 726 2537 primum
753 2462 907 2519 saxis
930 2480 1265 2538 suspensam
1290 2460 1443 2518 hanc
1473 2461 1705 2539 adspice
1734 2482 1967 2540 rupem;
2163 2469 2273 2522 190

320 2538 596 2616 Disjectae
623 2539 819 2617 procul
847 2548 912 2598 ut
937 2539 1138 2613 moles,
1166 2540 1503 2615 desertaque
1530 2541 1741 2598 montis
2087 2550 2092 2555 “

323 2615 449 2673 Stat
474 2616 698 2691 domus,
728 2624 786 2674 et
813 2617 1033 2693 scopuli
1059 2617 1352 2690 ingentem
1383 2614 1606 2674 traxere
1634 2617 1877 2675 ruinam.

321 2692 440 2750 Hic
471 2692 751 2768 spelunca
776 2694 901 2768 fuit,
929 2701 1092 2751 vasto
1120 2692 1386 2750 submota
1411 2712 1660 2768 recessu,

323 2770 732 2842 Semihominis
760 2772 905 2829 Caci
930 2770 1107 2827 facies
1135 2789 1305 2847 quam
1337 2771 1461 2827 dira
1486 2771 1738 2851 tenebat,

323 2847 474 2905 Solis
499 2847 854 2906 inaccessam
882 2849 1091 2921 radiis3
1135 2866 1475 2925 semperque
1502 2852 1721 2910 recenti
2161 2857 2272 2912 195

321 2926 502 2984 Caede
528 2924 762 3002 tepebat
784 2926 999 2983 humus
1020 2945 1038 2999 ;
1079 2926 1610 3002 foribusque-affixa
1636 2929 1896 3007 superbis

321 3003 439 3061 Ora
463 3003 649 3061 virum
677 3004 821 3061 tristi
847 3004 1178 3080 pendebant
1201 3004 1416 3082 pallida
1442 3007 1591 3063 taho,

321 3082 478 3140 Huic
505 3089 760 3139 monstro
787 3081 1085 3141 Vulcanus
1113 3090 1234 3140 erat
1257 3092 1420 3160 pater
1445 3104 1459 3141 τ
1503 3084 1655 3143 illius
1683 3093 1830 3143 atros

321 3159 438 3218 Ore
464 3179 704 3218 vomens
732 3160 912 3236 ignes»,
942 3161 1148 3237 magna
1177 3179 1240 3219 se
1268 3161 1420 3221 mole
1449 3162 1681 3221 ferebat.
1777 3211 1788 3217 .
2347 3224 2354 3231 ⁸

318 3238 531 3297 Attulit
556 3247 615 3297 et
640 3238 807 3296 nobis
835 3237 1139 3314 aliquando
1167 3239 1493 3316 optantibus
1523 3247 1659 3298 aetas
2155 3246 2272 3299 200

317 3315 620 3374 Auxilium
650 3317 1075 3393 adventumque
1104 3317 1198 3373 dei
1223 3337 1236 3373 ε
1280 3337 1413 3373 nam
1443 3318 1729 3374 maximus
1755 3315 1921 3392 ultor,

317 3391 654 3468 Tergemini
680 3413 825 3453 nece
853 3395 1138 3470 Geryonae
1270 3395 1477 3471 liisque
1504 3394 1802 3470 superbus,
1865 3426 1870 3430 ·

318 3469 556 3529 Alcides
584 3473 795 3546 aderat,
824 3481 1127 3549 taurosque
1153 3472 1192 3529 h
1234 3491 1265 3529 c
1292 3475 1475 3530 victor
1500 3471 1705 3547 agebat

322 3547 630 3622 Ingentes3
672 3548 997 3625 vallemque
1022 3551 1201 3607 boves
1228 3568 1574 3623 amnemque
1601 3548 1889 3608 tenebant.

320 3624 401 3683 At
426 3624 587 3683 furiis
615 3626 756 3684 Caci
784 3646 947 3684 mens
975 3627 1168 3701 effera,
1196 3646 1272 3683 ne
1301 3627 1437 3702 quid
1463 3626 1729 3686 inausum
2155 3633 2269 3687 205

319 3702 442 3759 Aut
467 3702 825 3761 intractatum
853 3704 1159 3762 scelerisve
1187 3702 1379 3761 dolive
1405 3702 1621 3777 fuisset,

322 3779 588 3848 Quatuor
614 3799 649 3836 a
675 3780 910 3837 stabulis
935 3780 1230 3856 praestanti
1252 3798 1493 3853 corpore
1520 3789 1709 3840 tauros

319 3856 563 3931 Avertit,
590 3857 828 3914 totidem
853 3856 1036 3912 forma
1063 3863 1369 3930 superante
1388 3857 1711 3934 juvencas3
