2717 4300
373 304 481 368 150
1182 302 1549 369 AENEIDos

348 461 706 539 corripiunt
732 460 916 539 spatia
944 461 1156 535 audito,
1184 460 1480 538 limenque
1508 461 1840 537 relinquunt

372 540 564 599 Effusi
589 538 790 596 nimbo
817 539 1068 612 similes;
1099 540 1269 597 simul
1301 539 1507 596 ultima
1530 539 1778 615 signant.

369 618 599 677 Primus
628 616 763 692 abit,
786 613 1075 693 longeque
1104 625 1236 674 ante
1264 618 1461 674 omnia
1486 635 1726 695 corpora
1751 617 1936 676 Nisus

369 697 621 771 Emicat,
651 703 709 753 et
734 696 922 753 ventis
950 703 1010 753 et
1034 693 1291 752 fulminis
1320 695 1478 752 ocior
1502 695 1627 752 alis.

369 774 676 832 Proximus
702 772 865 848 huic,
893 773 1069 849 longo
1095 774 1199 830 sed
1223 773 1522 849 proximus
1542 772 1868 848 intervallo,
2222 774 2341 834 '320

371 841 700 928 Insequitur
728 851 935 909 Salius.
1012 850 1221 928 ,Spatio
1246 848 1381 928 post
1407 851 1619 909 deinde
1646 851 1868 927 relicto,

368 930 601 987 Tertius
633 929 940 1005 Euryalus.

368 1004 805 1084 Euryalumque
835 1006 1126 1083 Helymus
1154 1007 1429 1083 sequitur.
1516 1007 1652 1077 Quo
1679 1006 1891 1066 deinde
1916 1006 2029 1067 sub
2054 1006 2185 1088 ipso'

368 1086 532 1144 Ecce
559 1086 733 1161 volat,
762 1086 1096 1162 calcemque
1124 1085 1257 1161 terit
1275 1088 1400 1164 jam
1427 1085 1589 1143 calce
1617 1085 1847 1161 Diores,

279 1207 288 1215 .
368 1164 721 1240 Incumbens
739 1164 1027 1221 humero:
1070 1164 1253 1241 spatia
1280 1171 1339 1221 et
1365 1163 1416 1221 si
1439 1163 1607 1240 plura
1633 1164 1942 1241 supersint,
2220 1171 2336 1227 325
2399 1206 2405 1213 -

368 1242 651 1301 Transeat
677 1242 908 1319 elapsus
934 1242 1106 1319 prior,
1135 1241 1544 1318 ambiguumve
1572 1241 1875 1318 relinquat.

364 1319 610 1398 Jamque
639 1318 759 1378 fere
789 1321 974 1398 spatio
1004 1328 1270 1378 extremo*
1289 1320 1543 1396 fessique
1572 1319 1680 1378 sub
1709 1320 1894 1398 ipsam

365 1399 577 1457 Finem
607 1399 1011 1474 adventabant,
1040 1399 1156 1457 levi
1185 1417 1361 1475 quum
1389 1399 1671 1474 sanguine
1698 1396 1881 1458 Nisus
1943 1429 1949 1436 ·

368 1477 608 1536 Labitur
633 1477 872 1550 infelix;
915 1477 1081 1534 caesis
1106 1484 1171 1535 ut
1196 1474 1341 1534 sorte
1361 1477 1632 1554 Juvencis
2298 1526 2303 1533 ,

365 1555 559 1614 Fusus
587 1555 826 1613 humum
855 1555 1185 1631 viridesque
1214 1572 1386 1631 super
1410 1552 1800 1629 madefecerat
1824 1546 2053 1615 herbas.
2218 1561 2336 1616 830

365 1632 487 1692 Hic
505 1635 762 1713 juvenis,
774 1637 899 1713 Jam
925 1634 1110 1691 victor
1135 1650 1333 1707 ovanS,
1363 1633 1607 1711 vestigia
1630 1648 1830 1709 presso

366 1711 545 1770 Haud
572 1713 760 1771 tenuit
784 1710 1028 1770 titubata
1056 1709 1213 1783 solo;
1256 1711 1360 1768 sed
1387 1730 1603 1787 pronus
1630 1712 1691 1768 in
1719 1711 1847 1788 ipso

366 1790 640 1850 Concidit
663 1790 1076 1866 immundoque
1104 1789 1241 1846 fimo
1270 1807 1550 1866 sacroque
1577 1808 1797 1847 cruore.

366 1868 428 1926 N
431 1889 505 1927 on
534 1878 728 1928 tamen
756 1869 1018 1945 Euryali,
1048 1887 1166 1925 non
1192 1866 1294 1925 ille
1319 1868 1533 1926 oblitus
1562 1878 1855 1941 amorum;
2236 1939 2244 1948 ι

364 1947 523 2005 Nam
552 1967 680 2006 sese
708 1946 978 2025 opposuit
1007 1946 1184 2022 Salio,
1212 1955 1316 2023 per
1341 1946 1561 2005 lubrica
1588 1964 1847 2022 surgens.
2160 1971 2164 1975 ⁴
2219 1952 2335 2007 335

367 2025 476 2084 Ille
506 2035 698 2085 autem
726 2025 910 2103 spissa
927 2025 1116 2104 jacuit
1142 2025 1435 2083 revolutus
1464 2025 1654 2083 arena.

368 2105 599 2165 Emicat
625 2103 933 2182 Euryalus,
963 2112 1022 2163 et
1047 2122 1287 2163 munere
1313 2104 1497 2163 victor
1524 2102 1695 2162 amici

366 2184 561 2242 Prima
586 2192 765 2260 tenet,
791 2183 1114 2260 plausuque
1139 2183 1297 2242 volat
1323 2183 1676 2260 fremituque
1703 2183 1978 2241 secundo.

366 2260 510 2321 Post
535 2263 823 2340 Helymus
851 2262 1022 2338 subit,
1053 2269 1112 2321 et
1137 2281 1293 2321 nunc
1320 2264 1489 2321 tertia
1512 2262 1708 2340 palma
1733 2262 1960 2321 Diores.

367 2341 486 2400 Hic
513 2351 698 2401 totum
727 2361 923 2400 caveae
952 2361 1285 2400 consessum
1313 2342 1563 2417 ingentis
1591 2350 1650 2398 et
1675 2359 1774 2398 ora
2218 2344 2333 2400 340

365 2420 564 2479 Prima
587 2427 814 2499 patrum
843 2422 1065 2497 magnis
1097 2421 1285 2478 Salius
1313 2419 1658 2477 clamoribus
1686 2419 1927 2497 implet3

366 2500 771 2579 Ereptumque
800 2500 932 2557 dolo
955 2499 1117 2557 reddi
1145 2499 1254 2557 sibi
1281 2499 1468 2576 poscit
1495 2498 1794 2555 honorem.

366 2577 613 2637 Tutatur
633 2579 793 2636 favor
820 2579 1158 2654 Euryalum,
1187 2577 1570 2653 lacrymaeque
1600 2577 1845 2651 decorae,

366 2657 595 2715 Gratior
621 2665 680 2715 et
704 2657 946 2733 pulchro
974 2656 1215 2712 veniens
1241 2656 1302 2711 in
1332 2673 1570 2731 corpore
1596 2655 1795 2713 virtus·

366 2736 638 2814 Adjuvat,
669 2747 727 2793 et
755 2734 962 2810 magna
999 2734 1315 2809 proclamat
1339 2749 1486 2791 voce
1513 2733 1742 2810 Diores,
2216 2735 2333 2792 345

368 2813 489 2884 Qui
517 2813 694 2872 subiit
720 2813 944 2890 palmae,
974 2811 1291 2887 frustraque
1320 2813 1393 2869 ad
1419 2812 1657 2888 praemia
1681 2811 1845 2870 venit

369 2892 607 2966 Ultima,
631 2892 680 2949 si
707 2890 879 2968 primi
908 2890 1065 2949 Salio
1094 2891 1411 2952 redduntur
1436 2891 1702 2950 honores-

364 2969 524 3028 Tum
551 2969 965 3047 pater'AEneas
990 2971 1002 3026 z·
1048 2970 1277 3044 Vestra,
1308 2970 1514 3048 inquit,
1545 2987 1788 3028 munera
1813 2967 1979 3027 vobis

365 3050 541 3108 Certa
567 3057 820 3123 manent,
849 3048 1045 3126 pueri;
1091 3056 1150 3106 et
1173 3049 1435 3125 palmam
1458 3058 1653 3108 movet
1680 3049 1879 3107 ordine
1905 3063 2114 3103 nemo:

366 3129 472 3187 Me
498 3129 671 3186 liceat
696 3147 861 3186 casus
891 3127 1147 3187 miserari
1173 3128 1416 3186 insontis
1445 3128 1635 3187 amici.
2216 3128 2333 3183 350

368 3208 466 3265 Sic
494 3206 663 3280 fatu8‚
692 3217 915 3282 tergum
945 3206 1158 3265 Gaetuli
1186 3207 1440 3265 immane
1467 3206 1653 3264 leonis

365 3287 485 3345 Dat
514 3287 690 3361 Salio,
718 3286 870 3344 villis
897 3305 1207 3344 onerosum
1237 3295 1407 3363 atque
1436 3284 1722 3360 unguibus
1752 3280 1960 3341 aureis.

367 3359 486 3422 Hic
514 3366 731 3424 Nisus:
778 3366 842 3424 Si
870 3373 1045 3441 tanta,
1067 3364 1280 3441 inquit,
1299 3374 1432 3423 sunt
1458 3362 1697 3442 proemia
1722 3362 1912 3437 victiS,

365 3442 447 3506 Et
467 3451 524 3501 te
553 3444 839 3520 lapsorum
868 3445 1098 3503 miseret
1120 3462 1137 3511 ς
1179 3463 1308 3521 quae
1338 3455 1582 3501 munera
1607 3440 1755 3500 Niso

366 3522 561 3599 Digna
587 3522 770 3598 dabis,
836 3524 1036 3582 rimam
1069 3524 1254 3582 merui
1281 3522 1383 3597 qui
1409 3522 1580 3578 laude
1608 3537 1898 3595 coronam,
2215 3521 2332 3577 855

366 3600 449 3659 Ni
478 3619 590 3676 me,
619 3621 751 3678 quae
830 3593 1026 3672 alium,
1055 3602 1280 3660 fortuna
1304 3599 1543 3657 inimica
1568 3598 1833 3657 tulisset?

365 3679 450 3738 Et
475 3681 646 3739 simul
675 3681 767 3739 his
795 3682 963 3739 dictis
989 3677 1194 3738 faciem
1224 3677 1564 3751 ostentabat,
1595 3687 1655 3737 et
1679 3678 1797 3736 udo

366 3757 589 3837 Turpia
615 3758 873 3817 membra
898 3760 1053 3816 fimo.
1136 3758 1292 3815 Risit
1316 3761 1481 3834 pater
1505 3757 1757 3834 optimus
1785 3754 1904 3833 olli,
