2717 4300
319 353 361 409 ⁶
1018 351 1580 408 BUCOLICORUM

320 498 580 576 Ndram3
624 500 707 560 sic
732 501 924 578 parvis
951 501 1299 578 componere
1325 521 1535 577 magna
1559 500 1835 560 solebam.

321 577 550 638 veram
576 580 704 637 haee
731 575 953 637 tantum
982 579 1121 637 alias
1147 580 1302 638 inter
1325 589 1499 657 eaput
1524 580 1730 638 extulit
1755 580 1946 659 urbes,

325 656 626 730 Quantum
653 658 810 715 lenta
835 658 1024 715 solent
1049 658 1201 716 inter
1224 658 1470 716 viburna
1494 659 1767 736 cupressi.

1126 798 1471 838 nannenus.

322 858 405 916 Et
430 877 558 934 quae
586 866 742 916 tanta
767 857 875 915 fuit
899 858 1153 916 Romam
1178 859 1284 916 tibi
1312 877 1488 916 causa
1511 859 1791 927 videndi?

320 1056 617 1117 Libertas:
661 1078 808 1136 quae,
837 1078 981 1134 sera,
1011 998 1488 1136 tame'filssgggit
1513 1059 1775 1136 inertem,

214 1156 223 1165 ·
321 1137 637 1197 Candidior
660 1147 963 1214 postquam
986 1138 1248 1196 tondenti
1277 1138 1453 1196 barba
1478 1137 1755 1196 cadebat:

319 1215 608 1293 Respexit
633 1224 846 1291 tamen,
876 1227 936 1274 et
961 1216 1134 1292 longo
1161 1214 1293 1294 post
1318 1225 1577 1294 tempore
1604 1217 1784 1293 venit,

312 1280 633 1370 'Postquam
660 1314 766 1352 nos
793 1295 1104 1371 Amaryllis
1131 1295 1325 1371 habet,
1356 1295 1599 1353 Galatea
1624 1294 1871 1372 reliquit.

288 1372 611 1448 *Namquffi
640 1373 860 1430 fatebor
886 1373 1062 1448 enim,
1091 1374 1227 1432 dum
1258 1393 1352 1435 me
1382 1373 1625 1432 Galatea
1641 1373 1903 1449 tenebat,

320 1450 381 1508 N
385 1469 452 1508 ee
480 1470 612 1528 spes
640 1451 916 1511 libertatis
944 1462 1084 1527 erat,
1114 1471 1223 1509 nee
1251 1472 1389 1510 eura
1413 1448 1642 1528 peculi:

323 1529 606 1599 Quamvis
634 1531 815 1588 multa
840 1532 984 1587 meis
1014 1530 1201 1589 exiret
1225 1530 1461 1588 victima
1487 1529 1684 1606 septis,

319 1607 564 1684 Pinguis
593 1617 652 1666 et
677 1609 911 1684 ingratae
938 1617 1292 1684 premeretur
1317 1626 1521 1666 caseus
1548 1607 1695 1682 urbi,

319 1687 459 1745 Non
488 1707 737 1764 unquam
767 1688 953 1762 gravis
981 1706 1095 1745 aere
1124 1688 1359 1744 domum
1390 1686 1533 1744 mihi
1561 1686 1762 1745 dextra
1788 1685 2027 1746 redibat.

1119 1823 1465 1862 mensuum.

320 1882 594 1957 Mirabar,
625 1884 759 1959 quid
791 1888 995 1942 moesta
1023 1883 1182 1958 deos,
1213 1884 1513 1960 Amarylli,
1541 1901 1813 1956 voeare83

318 1950 434 2019 Cui
458 1963 713 2039 pendere
742 1964 846 2020 sud
874 1963 1151 2040 patereris
1179 1963 1238 2020 in
1268 1963 1469 2021 arbore
1495 1980 1702 2040 poma:

318 2041 556 2116 Tityrus
584 2040 720 2097 hine
751 2040 960 2115 aberat.
1048 2041 1197 2118 Ipsae
1223 2049 1302 2116 te,
1330 2041 1552 2117 Tityre,
1580 2041 1772 2118 pinus,

319 2118 440 2197 Ipsi
465 2128 522 2178 te
550 2119 757 2194 fonteS,
786 2119 911 2197 ipsa
937 2120 1063 2178 haec
1092 2119 1668 2204 arbusta,·vocabant.

1155 2257 1437 2296 TITYRUS·

318 2315 477 2388 Quid
505 2316 794 2374 facerem?
838 2336 1028 2394 neque
1055 2318 1288 2375 servitio
1315 2337 1410 2375 me
1439 2318 1599 2375 exire
1626 2316 1855 2393 licebat,

316 2395 448 2455 Nec
475 2403 591 2453 tarn
619 2404 932 2473 praesentes
961 2396 1097 2453 alibi
1124 2414 1473 2471 cognoscere
1500 2396 1681 2452 divos.

316 2472 436 2532 Hie
463 2473 628 2532 illum
653 2474 776 2532 vidi
795 2477 1098 2552 juvenem,
1129 2474 1429 2547 Meliboee,
1459 2472 1765 2549 quotannis

315 2553 421 2610 Bis
449 2572 620 2610 senos
647 2553 742 2609 cui
770 2562 963 2610 nostra
989 2552 1114 2609 dies
1142 2551 1339 2610 altaria
1365 2550 1602 2608 sumant.

316 2630 434 2689 Hie
463 2630 608 2688 mihi
635 2650 972 2707 responsum
998 2631 1218 2707 primus
1249 2628 1410 2687 dedit
1435 2629 1533 2686 ille
1560 2621 1816 2705 pete'nti:

315 2708 567 2784 Pascite,
597 2717 661 2767 ut
688 2706 843 2785 ante,
871 2709 1071 2783 boves»,
1100 2709 1298 2785 pueri3
1344 2706 1660 2765 submittite
1688 2714 1897 2765 tauros.

1123 2843 1465 2882 armamus·

315 2906 632 2965 Fortunate
660 2908 876 2965 senex!
921 2924 1057 2979 ergo
1083 2914 1182 2964 tua
1207 2924 1336 2962 rura
1364 2902 1709 2962 manebunt!

316 2982 402 3044 Et
426 2986 532 3043 tibi
559 3004 765 3061 magna
793 2982 948 3057 satis,
979 2984 1238 3059 quamvis
1265 2983 1411 3060 lapis
1438 2983 1632 3040 omnia
1656 2982 1849 3041 nudus

317 3064 666 3139 Limosoque
693 3063 857 3141 palus
882 3063 1132 3120 obducat
1156 3081 1371 3139 pascua
1389 3063 1603 3140 juneo:

317 3142 458 3202 Non
486 3144 712 3200 insueta
737 3160 938 3215 graves
966 3141 1268 3199 tentabunt
1289 3141 1502 3218 pabula
1528 3139 1712 3217 foetas,

318 3220 452 3281 Nec
477 3220 630 3279 mala
654 3219 831 3277 vieini
857 3220 1082 3296 peeoris
1108 3220 1374 3296 contagia
1399 3220 1630 3279 laedent.

320 3299 634 3358 Fortunate
663 3301 876 3356 senex!
920 3297 1038 3374 hic,
1066 3300 1217 3357 inter
1240 3299 1481 3357 flumina
1508 3306 1647 3357 nota

320 3379 404 3439 Et
428 3377 616 3437 sontes
643 3396 851 3453 saeros,
880 3378 1056 3458 frigus
1083 3378 1339 3470 captabis
1373 3396 1636 3471 opaeum.

321 3456 480 3519 Hinc
506 3456 631 3531 tibi,
659 3475 789 3532 quae
815 3473 1042 3535 semper
1067 3458 1258 3515 vicmo
1287 3456 1358 3515 ab
1387 3456 1569 3514 limite
1596 3472 1764 3532 sepes

322 3533 586 3612 Hyblaeis
614 3534 817 3613 apibus
843 3535 1043 3593 florem
1072 3536 1310 3614 depasta
1335 3534 1539 3609 salicti,

325 3610 493 3692 Saepe
523 3614 638 3672 levi
667 3634 928 3671 somnum
957 3614 1223 3672 suadebit
1247 3614 1392 3671 inire
1421 3630 1683 3685 susurr03

323 3692 483 3751 Hinc
511 3692 625 3751 alta
654 3693 759 3751 sub
788 3712 928 3771 rupe
955 3702 1124 3751 canet
1152 3692 1439 3749 frondator
1465 3691 1536 3749 ad
1564 3708 1762 3748 auras:

322 3772 454 3831 Nee
481 3781 674 3831 tamen
702 3772 921 3829 interea
950 3791 1153 3843 raucae,
1184 3778 1282 3827 tua
1307 3785 1463 3842 cura,
1491 3767 1811 3847 palumbes,

258 3881 263 3885 ·
321 3850 454 3912 Nec
483 3870 714 3927 gemere
744 3851 897 3908 aeria
925 3847 1174 3907 cessabit
1198 3856 1381 3906 turtur
1408 3847 1479 3905 ab
1506 3847 1683 3905 ulmo.

2093 584 2280 677 ο25

2198 1223 2277 1277 30

2198 2124 2277 2179 40

2196 2634 2273 2688 45
