2717 4300
305 285 382 341 u
470 340 473 347 ,
850 306 854 310 ·
1005 280 1578 338 GEORGI'CORUM

309 434 502 509 Creta,
530 439 744 515 negant
770 431 911 490 alios
937 428 1100 509 teque
1130 431 1489 508 serpentibus
1518 451 1682 508 agros
2151 439 2268 495 215

307 512 560 570 Dulcem
586 512 733 570 ferre
760 510 974 587 cibum,
1004 520 1063 568 et
1089 510 1290 568 cur‘vas
1316 510 1573 588 praebere
1599 509 1862 570 latebras.
2034 518 2041 527 ’

390 591 540 661 Quae
566 599 801 648 tenuem
831 589 1066 647 exhalat
1090 588 1364 646 nebulam
1391 589 1695 665 fumosque
1720 590 2006 668 volucres,

309 668 392 727 Et
416 667 562 727 bibit
587 666 910 742 humorem,
933 676 1000 725 'et
1027 687 1204 743 quum
1232 667 1356 725 vult
1383 686 1459 725 ex
1486 685 1550 724 se
1577 667 1704 744 ipsa
1728 669 2003 744 remittit;

312 747 577 823 Quaeque
604 765 708 803 suo
737 745 904 802 viridi
931 764 1161 820 semper
1186 764 1250 803 se
1276 746 1535 820 gramine
1560 746 1750 823 vestit,

307 826 440 884 Nec
467 823 660 882 scabie
688 832 749 881 et
772 824 922 881 salsa
950 823 1107 882 laedit
1132 823 1396 899 rubigine
1423 824 1634 881 ferrum
1655 844 1672 898 3
2148 830 2268 885 220

311 903 420 960 Illa
447 902 551 961 tibi
576 902 726 960 laetis
752 903 975 960 intexet
999 901 1212 960 vitibus
1238 902 1463 976 ulmos3

313 981 421 1039 Illa
445 980 606 1038 ferax
634 981 764 1038 oleo
792 990 916 1054 est3
959 980 1115 1037 illam
1145 978 1446 1058 experiere
1474 980 1717 1038 colendo

309 1060 392 1117 Et
417 1056 645 1118 facilem
671 1060 887 1136 pecori,
916 1067 975 1117 et
998 1059 1314 1135 patientem
1341 1059 1594 1117 vomeris
1619 1059 1794 1118 unci:

310 1138 516 1195 Talem
545 1139 708 1195 dives
736 1146 855 1197 arat
881 1139 1103 1214 Capua,
1133 1144 1192 1194 et
1216 1138 1409 1195 vicina
1434 1137 1669 1195 Vesevo

311 1215 429 1275 Ora
447 1219 609 1294 juge,
639 1226 698 1274 et
723 1217 919 1274 vacuis
947 1216 1186 1273 Clanius
1212 1235 1329 1273 non
1359 1235 1557 1292 aequus
1584 1216 1833 1274 Acerris.
2031 1250 2036 1255 ·
2152 1222 2270 1276 225

387 1295 448 1353 N
453 1314 584 1370 unc,
614 1315 727 1371 quo
754 1312 1040 1371 quamque
1067 1295 1241 1352 modo
1266 1294 1453 1371 possis
1480 1290 1847 1371 cognoscere,
1876 1295 2083 1354 dicam.
2283 1300 2288 1303 ’

308 1372 467 1435 Rara
493 1374 584 1447 sit,
614 1393 685 1430 an
714 1392 886 1450 supra
912 1390 1126 1430 morem
1156 1373 1205 1429 si
1234 1374 1433 1447 densa,
1464 1373 1756 1450 requiras3
2063 1386 2078 1406 ²

309 1453 510 1510 Altera
533 1451 833 1510 frumentis
859 1451 1130 1527 quoniam
1157 1450 1329 1525 favet,
1359 1451 1538 1508 altera
1564 1450 1837 1525 Bacch03

312 1531 516 1588 Densa
542 1527 722 1605 magis
750 1530 968 1604 Cereri,
991 1528 1283 1586 rarissima
1309 1547 1553 1604 quaeque
1581 1530 1798 1605 Lyaeo;

310 1605 466 1670 Ante
497 1609 688 1665 locum
718 1607 915 1684 capies
938 1607 1137 1681 oculis,
1168 1604 1398 1683 alteque
1418 1606 1654 1685 jubebis
2153 1614 2269 1668 230

315 1687 384 1744 In
415 1685 598 1743 solido
625 1695 864 1763 puteum
893 1685 1135 1759 demitti,
1164 1704 1513 1762 omnemque
1539 1704 1784 1762 repones

310 1765 534 1823 Rursus
560 1764 820 1838 humum,
848 1762 1176 1840 etpedibus
1202 1783 1455 1823 summas
1481 1763 1735 1839 aequabis
1763 1784 1980 1824 arenas.

316 1843 380 1900 Si
408 1844 668 1917 deerunt,
699 1861 908 1918 rarum,
935 1842 1243 1918 pecorique
1273 1850 1332 1900 et
1355 1842 1570 1907 vitibus
1598 1843 1764 1901 almis

313 1921 543 1998 Aptius,
570 1921 714 1978 uber
740 1920 882 1978 erit:
927 1920 1016 1977 sin
1042 1919 1103 1976 in
1132 1939 1236 1978 sua
1260 1939 1432 1997 posse
1458 1920 1752 1997 negabunt

315 1999 408 2057 Ire
435 1999 578 2075 loca,
608 2008 668 2057 et
690 1996 987 2056 scrobibus
1015 1997 1307 2076 superabit
1331 2006 1483 2058 terra
1507 2000 1760 2076 repletis,
2153 2005 2272 2061 235

318 2078 358 2135 S
401 2078 546 2136 issus
573 2095 743 2155 ager:
786 2076 984 2153 glebas
1010 2085 1345 2136 cunctantes
1373 2097 1675 2156 crassaque
1702 2087 1863 2156 terga

313 2097 1818 2295 Effffiffigffiffifflmsffiffgffges
1937 2235 1942 2238 -

313 2314 601 2390 Frugibus
628 2313 832 2372 infelix
866 2254 1479 2390 (ea’necqmanlggescit
1505 2251 1830 2390 arandossm’
2011 2357 2017 2363 -

314 2393 378 2452 N
380 2412 447 2451 ec
475 2392 709 2451 Baccho
737 2411 939 2468 genus,
969 2399 1067 2449 aut
1089 2390 1278 2467 pomis
1305 2410 1410 2449 sua
1435 2392 1689 2467 nomina,
1718 2391 1964 2471 servat),
1991 2423 1996 2426 -
2156 2396 2274 2453 240

316 2470 461 2528 Tale
489 2471 647 2529 dabit
673 2471 965 2546 specimen
990 2488 1004 2525 ε
1048 2477 1111 2527 tu
1138 2469 1322 2545 spisso
1347 2469 1567 2527 vimine
1594 2469 1794 2545 qualos

317 2549 575 2625 Colaque
603 2547 905 2625 praelorum
932 2546 1170 2604 fumosis
1197 2547 1395 2623 deripe
1421 2547 1627 2620 tectis3

316 2626 453 2684 Huc
482 2646 616 2702 ager
641 2626 740 2683 ille
768 2624 971 2699 malus,
1000 2625 1312 2701 dulcesque
1340 2645 1376 2684 a
1399 2624 1653 2683 fontibus
1677 2625 1890 2702 unda,-

316 2706 411 2763 Ad
439 2704 675 2782 plenum
705 2704 1034 2762 calcentur:
1077 2723 1224 2779 aqua
1250 2702 1593 2762 eluctabitur
1616 2704 1805 2763 omnis
2051 2741 2058 2744 -

321 2783 574 2857 Scilicet,
603 2790 663 2840 et
687 2783 930 2857 grandes
957 2781 1123 2840 ibunt
1152 2801 1259 2859 per
1283 2781 1501 2840 vimina
1526 2791 1738 2858 guttae3
2073 2803 2084 2810 ‘
2157 2783 2275 2843 245

316 2863 397 2920 At
422 2879 590 2937 sapor
614 2860 891 2919 indicium
920 2860 1091 2919 faciet
1116 2859 1474 2936 manifestus,
1504 2869 1564 2919 et
1590 2878 1692 2919 ora
2005 2877 2008 2882 ·

317 2939 531 2997 Tristia
556 2938 874 2997 tentantiim
903 2957 1075 2997 sensu
1105 2938 1391 3016 torquebit
1416 2958 1654 2998 amaror.

316 3018 557 3094 Pinguis
583 3017 721 3077 item
748 3036 878 3094 quoe
905 3018 978 3076 sit
1004 3017 1192 3093 tellus,
1223 3018 1342 3095 hoc·
1363 3018 1612 3096 denique
1638 3028 1838 3097 pactos

317 3097 613 3155 Discimus
637 3093 650 3154 ὲ
695 3096 848 3155 haud
875 3115 1129 3173 unquam
1155 3096 1421 3160 manibus
1440 3099 1655 3176 jactata
1682 3097 1911 3172 fatiscit,
2223 3159 2230 3166 ,

320 3176 438 3233 Sed
465 3176 610 3253 picis
636 3176 695 3233 in
726 3195 942 3234 morem
971 3176 1043 3233 ad
1070 3176 1279 3249 digitos
1304 3175 1573 3234 lentescit
1597 3175 1883 3236 babendo.
2160 3178 2279 3233 250

319 3254 579 3312 Humida
605 3257 852 3333 majores
877 3254 1087 3316 herbas
1116 3255 1233 3329 alit,
1261 3255 1502 3331 ipsaque
1520 3257 1677 3332 justo

319 3332 572 3390 Laetior:
617 3334 691 3390 ah
715 3336 728 3389 !
773 3331 1016 3392 nimium
1043 3353 1118 3391 ne
1147 3334 1222 3392 sit
1247 3333 1393 3390 mihi
1418 3333 1621 3391 fertilis
1647 3330 1764 3408 illa,
1837 3336 1847 3343 “

318 3410 456 3469 Neu
486 3429 550 3467 se
575 3411 941 3486 praevalidam
967 3413 1167 3491 primis
1195 3412 1463 3470 ostendat
1489 3410 1671 3468 aristis
1696 3412 1709 3467 !

323 3487 473 3559 Quae
501 3488 688 3564 gravis
716 3497 821 3564 est,
850 3491 975 3565 ipso
1003 3492 1232 3550 tacitam
1261 3510 1325 3549 se
1351 3489 1607 3567 pondere
1633 3485 1841 3564 prodit,

323 3567 586 3643 Quaeque
614 3564 777 3624 levis.
833 3561 1172 3644 Promptum
1201 3578 1290 3628 est
1315 3568 1497 3626 oculis
1522 3568 1867 3643 praediscere
1892 3565 2134 3643 nigram,
2166 3568 2284 3624 255

321 3646 404 3705 Et
429 3644 557 3721 quis
583 3643 678 3703 cui
704 3643 897 3702 color:
941 3652 999 3703 at
1025 3647 1360 3705 sceleratum
1391 3646 1696 3721 exquirere
1721 3644 1900 3721 frigus

323 3724 580 3782 Difficile
609 3732 733 3797 est3
776 3722 960 3799 piceae
988 3720 1230 3797 tantum,
1259 3725 1494 3799 taxique
1521 3731 1799 3781 nocentes

325 3801 649 3878 Interdum,
679 3809 779 3861 aut
802 3800 1033 3859 bederae
1059 3802 1321 3880 pandunt
1346 3801 1591 3878 vestigia
1617 3801 1815 3878 nigroe.
