2717 4300
1233 268 1464 327 LIBER
1502 268 1575 329 11.
1726 328 1727 331 ,

444 419 778 496 Accingunt
802 437 1003 479 omnes
1031 420 1209 498 operi,
1235 421 1600 499 pedibusque
1627 429 1876 482 rotarum

447 498 776 577 Suinciunt
799 499 1013 576 lapsus,
1045 507 1104 557 et
1130 507 1375 577 stuppea
1401 501 1636 559 vincula
1664 501 1814 559 collo

449 578 781 636 Intendunt.
867 578 1103 636 Scandit
1128 577 1313 635 fatalis
1340 578 1611 637 machina
1638 599 1850 656 muros,

447 656 615 714 Foeta
642 656 812 714 armis
836 675 851 713 t
892 657 1055 734 pueri
1083 653 1301 714 circum
1330 658 1700 735 innuptaeque
1725 657 1937 735 puellae

451 735 625 792 Sacra
650 742 881 810 canunt,
911 735 1224 810 funemque
1252 754 1426 792 manu
1454 737 1786 812 contingere
1813 736 2082 813 gaudent·

448 812 558 870 Illa
582 813 757 886 subit,
785 813 1107 888 mediaeque
1135 813 1363 870 minans
1389 813 1640 872 illabitur
1665 813 1810 872 urbi.

447 891 501 949 Ο
528 892 741 967 patria!
784 911 819 949 o
847 891 1046 949 divum
1075 891 1280 948 domus
1311 891 1519 948 Ilium!
1562 900 1620 950 et
1645 892 1860 969 inclyta
1883 891 2069 950 bello‘

449 970 673 1027 Moenia
697 969 1131 1027 Dardanidum!
1162 978 1363 1046 quater
1389 970 1515 1047 ipso
1542 969 1602 1026 in
1631 970 1829 1028 limine
1850 979 2028 1049 portae

450 1047 731 1122 Substitit,
763 1057 931 1123 atque
952 1056 1115 1105 utero
1142 1048 1389 1105 sonitum
1420 1057 1620 1125 quater
1647 1069 1804 1107 arma
1832 1047 2064 1108 dedere.

450 1125 734 1184 Instamus
763 1134 954 1184 tamen
981 1127 1368 1200 immemores,
1398 1127 1651 1203 caecique
1678 1127 1884 1204 surore,

450 1205 531 1262 Et
556 1213 868 1262 monstrum
893 1203 1098 1261 infelix
1127 1205 1344 1262 sacratui
1368 1204 1624 1262 sistimus
1651 1223 1798 1264 arce.

446 1281 617 1340 Tunc
640 1283 812 1341 etiam
838 1283 968 1341 satis
997 1278 1177 1360 aperit
1204 1283 1528 1340 Cassandra
1555 1282 1758 1341 suturis

448 1361 582 1436 Ora,
612 1361 706 1418 dei
738 1364 892 1419 ‘ussu
920 1380 1038 1418 non
1064 1379 1319 1437 unquam
1347 1361 1564 1419 credita
1590 1361 1850 1420 Teucris.

446 1440 573 1498 Nos
602 1440 735 1497 delu
778 1459 839 1496 ra
864 1439 1036 1497 deum
1068 1440 1278 1513 miseri,
1308 1439 1518 1515 quibus
1545 1439 1784 1498 ultimus
1811 1447 1965 1500 esset
2002 1454 2007 1461 ‘

449 1518 555 1577 Ille
583 1518 727 1592 dies,
749 1518 903 1575 *festa
928 1518 1187 1575 velamus
1213 1517 1416 1575 fronde
1441 1537 1545 1594 per
1569 1517 1793 1576 urbem.

523 1596 781 1654 Vertitur
805 1598 1023 1654 interea
1047 1597 1281 1671 coelum,
1311 1604 1371 1654 et
1396 1597 1510 1655 ruit
1534 1615 1753 1655 oceano
1780 1616 1919 1675 nox,

448 1673 756 1734 Involvens
783 1675 989 1732 umbra
1015 1676 1225 1751 magnii
1251 1683 1597 1753 terramque,
1624 1676 1959 1754 polumque,

445 1753 991 1831 Myrmidonumque
1021 1755 1216 1811 dolos:
1261 1753 1371 1811 susi
1397 1773 1500 1831 per
1527 1755 1742 1812 moenia
1768 1754 1985 1812 Teucri

446 1830 826 1905 Conticuere3
870 1832 1244 1909 sopor-sessos
1272 1833 1672 1911 complectitur
1699 1842 1871 1892 artus.

415 1924 423 1935 ‘
525 1911 607 1969 Et
623 1913 747 1990 jam
774 1913 989 1987 Argiva
1012 1911 1265 1988 phalanx
1292 1911 1585 1969 instructis
1613 1911 1855 1970 navibus
1883 1911 2003 1972 ibat

444 1990 499 2048 A
526 1989 788 2065 Tenedo,
816 1991 1004 2048 tacitae
1031 2009 1135 2066 per
1162 1990 1348 2048 amica
1374 1989 1601 2048 silentia
1627 1991 1781 2048 lunae

445 2067 661 2126 Littora
688 2078 824 2126 nota
848 2076 1071 2145 petenS,
1100 2068 1363 2125 flammas
1388 2088 1568 2144 quum
1597 2070 1754 2145 reg-ia
1778 2069 1990 2147 puppis

446 2146 765 2223 Extulerat,
794 2147 1038 2225 satisque
1065 2145 1241 2204 deum
1268 2145 1541 2205 defensus
1566 2147 1779 2224 ‘iniquis

446 2225 707 2288 Inclusos
732 2234 898 2285 utero
925 2227 1161 2283 Danaos
1190 2234 1248 2283 et
1273 2224 1448 2301 pinea
1473 2225 1667 2283 furtim

444 2305 631 2364 Laxat
655 2307 903 2365 claustra
931 2304 1111 2363 Sinon
1134 2323 1147 2361 τ
1189 2304 1319 2361 illos
1345 2304 1664 2381 patefactus
1693 2304 1765 2361 ad
1793 2322 1959 2382 auras

442 2383 660 2442 Reddit
686 2403 904 2461 equus3
948 2384 1180 2460 laetique
1209 2402 1353 2440 cavo
1382 2402 1444 2441 se
1473 2382 1675 2441 robore
1699 2389 1971 2460 promunt

441 2461 843 2521 Thessandrus
873 2462 1297 2539 Sthenelusque
1325 2463 1525 2537 duceS,
1557 2470 1615 2520 et
1640 2462 1796 2520 dirus
1823 2461 2085 2540 Ulysses,

441 2540 776 2599 Demissum
803 2541 946 2617 lapsi
973 2560 1076 2617 per
1101 2541 1319 2616 sunem,
1350 2542 1731 2618 Acamasque,
1760 2540 2095 2621 Thoasque,

440 2618 787 2695 Pelidesque
814 2620 876 2678 N
879 2620 1252 2696 eoptolemuS,
1280 2620 1614 2697 primusque
1644 2619 1955 2697 Machaon,

441 2697 523 2756 Et
550 2698 876 2773 Menelaiis,
906 2707 965 2757 et
989 2699 1114 2775 ipse
1142 2699 1259 2756 doli
1286 2698 1588 2757 fabricator
1613 2699 1831 2777 Epeos.

443 2775 733 2835 Invadunt
761 2776 959 2835 urbem
986 2796 1187 2835 somno
1214 2778 1467 2855 vinoque
1495 2778 1815 2855 sepultam:

440 2854 758 2914 Caeduntur
782 2856 1017 2932 vigiles,
1058 2856 1349 2933 portisque
1377 2857 1708 2933 patentibus
1736 2874 1938 2914 omnes

439 2934 754 3012 Accipiunt
779 2935 985 3009 sociOS,
1016 2942 1185 3011 atque
1215 2935 1443 3009 agmina
1470 2935 1701 2992 conscia
1729 2937 1987 3012 'ung-unt.

520 3013 777 3092 Tempus
806 3022 927 3071 erat
953 3032 1069 3089 quo
1096 3012 1282 3089 prima
1308 3013 1473 3088 quies
1501 2955 1835 3071 mortalilms
1863 3013 2030 3089 aegris
2060 3041 2067 3048 ·

443 3090 676 3169 Incipit,
697 3101 764 3151 et
790 3093 942 3150 dono
971 3090 1169 3149 divum
1198 3091 1517 3164 gratissima
1544 3092 1739 3168 serpit.

442 3169 508 3228 In
539 3171 756 3229 somnis
784 3189 923 3229 ecce
953 3178 1085 3228 ante
1112 3168 1309 3227 oculos
1336 3170 1737 3227 moestissimus
1763 3170 1988 3228 Hector

438 3246 619 3307 Visus
648 3250 848 3308 adesse
875 3249 1038 3322 mihi,
1067 3247 1369 3323 largosque
1397 3246 1694 3306 effundere
1720 3248 1924 3320 fletus3

438 3327 533 3385 Ra
573 3337 725 3387 tatus
751 3328 920 3404 bigis,
948 3336 1015 3386 ut
1040 3326 1351 3404 quondam,
1383 3334 1614 3403 aterque
1641 3333 1881 3384 cruento

437 3348 707 3483 Pulirere,
734 3426 950 3485 perque
975 3407 1156 3484 pedes
1183 3406 1454 3483 trajectus
1480 3404 1603 3463 lora
1627 3411 1934 3462 tumentes.

438 3484 557 3543 Hei
586 3487 749 3563 mihi,
779 3486 963 3563 qualis
990 3486 1143 3544 erat!
1192 3480 1473 3560 quantum
1501 3490 1752 3562 mutatus
1780 3482 1851 3541 ab
1877 3482 1977 3541 illo

438 3563 695 3624 Hectore
723 3566 822 3643 qui
851 3565 997 3623 redit
1024 3563 1265 3621 exuvias
1292 3561 1528 3621 indutus
1555 3560 1791 3637 Achilli,

434 3640 551 3701 Vel
580 3644 852 3702 Danaum
877 3642 1160 3720 Phrygios
1171 3640 1462 3720 jaculatus
1487 3640 1777 3718 puppibus
1803 3641 2001 3718 ignes!

438 3722 818 3799 Squalentem
846 3722 1100 3794 barbam,
1130 3727 1190 3778 et
1214 3728 1514 3779 concretos
1542 3720 1823 3796 sanguine
1851 3719 2061 3793 crines,

436 3802 812 3878 Vulneraque
837 3800 937 3858 illa
961 3817 1166 3875 gerens
1192 3817 1324 3876 quoe
1353 3799 1569 3858 circum
1594 3798 1841 3877 plurima
1866 3814 2057 3855 muros

2312 277 2414 335 103
2471 364 2479 370 δ

2292 430 2406 483 235

2283 818 2401 874 240

2283 1210 2399 1265 245

2266 1601 2400 1657 ’250

2282 1994 2399 2049 255

2282 2385 2398 2441 260

2280 2779 2396 2835 265

2279 3169 2397 3226 270
