<?xml version="1.0" encoding="UTF-8"?>
<!DOCTYPE html PUBLIC "-//W3C//DTD XHTML 1.0 Transitional//EN"
    "http://www.w3.org/TR/xhtml1/DTD/xhtml1-transitional.dtd">
<html xmlns="http://www.w3.org/1999/xhtml" xml:lang="en" lang="en">
 <head>
  <title>
</title>
<meta http-equiv="Content-Type" content="text/html;charset=utf-8" />
  <meta name='ocr-system' content='tesseract 3.04.00' />
  <meta name='ocr-capabilities' content='ocr_page ocr_carea ocr_par ocr_line ocrx_word'/>
</head>
<body>
  <div class='ocr_page' id='page_1' title='image "./bucolicageorgic00unkngoog_0085.png"; bbox 0 0 2717 4300; ppageno 0'>
   <div class='ocr_carea' id='block_1_1' title="bbox 1247 290 1614 353">
    <p class='ocr_par' dir='ltr' id='par_1_1' title="bbox 1247 290 1614 353">
     <span class='ocr_line' id='line_1_1' title="bbox 1247 290 1614 353; baseline -0.003 -1"><span class='ocrx_word' id='word_1_1' title='bbox 1247 290 1478 353; x_wconf 70' lang='lat' dir='ltr'>LIBER</span> <span class='ocrx_word' id='word_1_2' title='bbox 1514 291 1614 353; x_wconf 67' lang='lat' dir='ltr'><strong>IV</strong></span> 
     </span>
    </p>
   </div>
   <div class='ocr_carea' id='block_1_2' title="bbox 442 439 2179 3900">
    <p class='ocr_par' dir='ltr' id='par_1_2' title="bbox 449 439 2057 990">
     <span class='ocr_line' id='line_1_2' title="bbox 449 439 1875 537; baseline 0.002 -33"><span class='ocrx_word' id='word_1_3' title='bbox 449 439 836 504; x_wconf 66' lang='lat' dir='ltr'><strong>vrmnsversas</strong></span> <span class='ocrx_word' id='word_1_4' title='bbox 856 439 1070 503; x_wconf 83' lang='lat' dir='ltr'><strong>salices</strong></span> <span class='ocrx_word' id='word_1_5' title='bbox 1096 452 1157 502; x_wconf 85' lang='lat' dir='ltr'><strong>et</strong></span> <span class='ocrx_word' id='word_1_6' title='bbox 1181 445 1418 521; x_wconf 70' lang='lat' dir='ltr'><strong>grandia</strong></span> <span class='ocrx_word' id='word_1_7' title='bbox 1444 439 1670 537; x_wconf 72' lang='lat' dir='ltr'><strong>conjice</strong></span> <span class='ocrx_word' id='word_1_8' title='bbox 1698 459 1874 509; x_wconf 78' lang='lat' dir='ltr'><strong>saxa</strong></span> <span class='ocrx_word' id='word_1_9' title='bbox 1856 490 1875 521; x_wconf 90' lang='lat'>,</span> 
     </span>
     <span class='ocr_line' id='line_1_3' title="bbox 456 522 1907 618; baseline 0.002 -37"><span class='ocrx_word' id='word_1_10' title='bbox 456 523 737 581; x_wconf 88' lang='lat' dir='ltr'><strong>Pontibus</strong></span> <span class='ocrx_word' id='word_1_11' title='bbox 765 530 829 579; x_wconf 85' lang='lat' dir='ltr'><strong>ut</strong></span> <span class='ocrx_word' id='word_1_12' title='bbox 850 522 1068 581; x_wconf 80' lang='lat' dir='ltr'><strong>crebris</strong></span> <span class='ocrx_word' id='word_1_13' title='bbox 1093 524 1315 599; x_wconf 79' lang='lat' dir='ltr'>possint</span> <span class='ocrx_word' id='word_1_14' title='bbox 1341 524 1673 618; x_wconf 78' lang='lat' dir='ltr'><strong>consistere,</strong></span> <span class='ocrx_word' id='word_1_15' title='bbox 1701 534 1763 583; x_wconf 86' lang='lat' dir='ltr'><strong>et</strong></span> <span class='ocrx_word' id='word_1_16' title='bbox 1788 526 1907 584; x_wconf 76' lang='lat' dir='ltr'><strong>alas</strong></span> 
     </span>
     <span class='ocr_line' id='line_1_4' title="bbox 457 599 1906 671; baseline 0.001 -12"><span class='ocrx_word' id='word_1_17' title='bbox 457 603 720 659; x_wconf 84' lang='lat' dir='ltr'><strong>Pandere</strong></span> <span class='ocrx_word' id='word_1_18' title='bbox 749 602 821 658; x_wconf 89' lang='lat' dir='ltr'><strong>ad</strong></span> <span class='ocrx_word' id='word_1_19' title='bbox 849 601 1110 658; x_wconf 83' lang='lat' dir='ltr'><strong>aestivum</strong></span> <span class='ocrx_word' id='word_1_20' title='bbox 1139 601 1341 671; x_wconf 78' lang='lat' dir='ltr'><strong>solem,</strong></span> <span class='ocrx_word' id='word_1_21' title='bbox 1370 602 1419 659; x_wconf 87' lang='lat' dir='ltr'><strong>si</strong></span> <span class='ocrx_word' id='word_1_22' title='bbox 1445 599 1589 660; x_wconf 85' lang='lat' dir='ltr'><strong>sorte</strong></span> <span class='ocrx_word' id='word_1_23' title='bbox 1618 612 1906 662; x_wconf 78' lang='lat' dir='ltr'><strong>morantes</strong></span> 
     </span>
     <span class='ocr_line' id='line_1_5' title="bbox 454 680 2057 756; baseline 0.002 -19"><span class='ocrx_word' id='word_1_24' title='bbox 454 680 753 754; x_wconf 77' lang='lat' dir='ltr'><strong>sparserit,</strong></span> <span class='ocrx_word' id='word_1_25' title='bbox 782 688 880 738; x_wconf 82' lang='lat' dir='ltr'><strong>aut</strong></span> <span class='ocrx_word' id='word_1_26' title='bbox 905 697 1160 756; x_wconf 85' lang='lat' dir='ltr'><strong>praeceps</strong></span> <span class='ocrx_word' id='word_1_27' title='bbox 1188 680 1470 755; x_wconf 82' lang='lat' dir='ltr'>Neptuno</span> <span class='ocrx_word' id='word_1_28' title='bbox 1498 681 1840 740; x_wconf 82' lang='lat' dir='ltr'><strong>immerserit</strong></span> <span class='ocrx_word' id='word_1_29' title='bbox 1866 690 2057 740; x_wconf 68' lang='lat' dir='ltr'><strong>eurus.</strong></span> 
     </span>
     <span class='ocr_line' id='line_1_6' title="bbox 456 755 1764 832; baseline 0.002 -18"><span class='ocrx_word' id='word_1_30' title='bbox 456 755 603 815; x_wconf 85' lang='lat' dir='ltr'><strong>Haec</strong></span> <span class='ocrx_word' id='word_1_31' title='bbox 632 758 847 815; x_wconf 88' lang='lat' dir='ltr'><strong>circum</strong></span> <span class='ocrx_word' id='word_1_32' title='bbox 874 757 1044 815; x_wconf 80' lang='lat' dir='ltr'><strong>casiae</strong></span> <span class='ocrx_word' id='word_1_33' title='bbox 1072 758 1304 832; x_wconf 69' lang='lat' dir='ltr'><strong>virides,</strong></span> <span class='ocrx_word' id='word_1_34' title='bbox 1332 767 1393 817; x_wconf 88' lang='lat' dir='ltr'><strong>ct</strong></span> <span class='ocrx_word' id='word_1_35' title='bbox 1411 757 1626 816; x_wconf 83' lang='lat' dir='ltr'><strong>olentia</strong></span> <span class='ocrx_word' id='word_1_36' title='bbox 1650 757 1764 816; x_wconf 61' lang='lat' dir='ltr'><strong>late</strong></span> 
     </span>
     <span class='ocr_line' id='line_1_7' title="bbox 457 834 1888 913; baseline 0.001 -19"><span class='ocrx_word' id='word_1_37' title='bbox 457 834 736 913; x_wconf 85' lang='lat' dir='ltr'><strong>Serpylla,</strong></span> <span class='ocrx_word' id='word_1_38' title='bbox 766 845 824 893; x_wconf 89' lang='lat' dir='ltr'><strong>et</strong></span> <span class='ocrx_word' id='word_1_39' title='bbox 850 836 1097 910; x_wconf 81' lang='lat' dir='ltr'><strong>graviter</strong></span> <span class='ocrx_word' id='word_1_40' title='bbox 1122 836 1389 912; x_wconf 80' lang='lat' dir='ltr'><strong>spirantis</strong></span> <span class='ocrx_word' id='word_1_41' title='bbox 1412 837 1582 912; x_wconf 82' lang='lat' dir='ltr'><strong>copia</strong></span> <span class='ocrx_word' id='word_1_42' title='bbox 1605 837 1709 912; x_wconf 82' lang='lat' dir='ltr'><strong>thy</strong></span> <span class='ocrx_word' id='word_1_43' title='bbox 1715 837 1888 895; x_wconf 76' lang='lat' dir='ltr'><strong>mbrae</strong></span> 
     </span>
     <span class='ocr_line' id='line_1_8' title="bbox 456 913 1899 990; baseline 0.002 -18"><span class='ocrx_word' id='word_1_44' title='bbox 456 917 724 987; x_wconf 83' lang='lat' dir='ltr'><strong>Floreat3</strong></span> <span class='ocrx_word' id='word_1_45' title='bbox 768 915 1151 990; x_wconf 77' lang='lat' dir='ltr'><strong>irriguumque&#39;</strong></span> <span class='ocrx_word' id='word_1_46' title='bbox 1179 913 1382 972; x_wconf 83' lang='lat' dir='ltr'><strong>bibant</strong></span> <span class='ocrx_word' id='word_1_47' title='bbox 1405 914 1641 971; x_wconf 87' lang='lat' dir='ltr'><strong>violaria</strong></span> <span class='ocrx_word' id='word_1_48' title='bbox 1666 916 1899 975; x_wconf 80' lang='lat' dir='ltr'><strong>fontem.</strong></span> 
     </span>
    </p>

    <p class='ocr_par' dir='ltr' id='par_1_3' title="bbox 455 991 2029 1147">
     <span class='ocr_line' id='line_1_9' title="bbox 538 991 2029 1071; baseline 0.003 -22"><span class='ocrx_word' id='word_1_49' title='bbox 538 993 672 1069; x_wconf 79' lang='lat' dir='ltr'><strong>ipsa</strong></span> <span class='ocrx_word' id='word_1_50' title='bbox 700 999 908 1067; x_wconf 86' lang='lat' dir='ltr'><strong>autem,</strong></span> <span class='ocrx_word' id='word_1_51' title='bbox 938 1011 1043 1049; x_wconf 90' lang='lat' dir='ltr'><strong>seu</strong></span> <span class='ocrx_word' id='word_1_52' title='bbox 1071 991 1381 1049; x_wconf 79' lang='lat' dir='ltr'><strong>corticibus</strong></span> <span class='ocrx_word' id='word_1_53' title='bbox 1408 992 1512 1051; x_wconf 88' lang='lat' dir='ltr'><strong>tibi</strong></span> <span class='ocrx_word' id='word_1_54' title='bbox 1540 1001 1665 1052; x_wconf 88' lang='lat' dir='ltr'><strong>suta</strong></span> <span class='ocrx_word' id='word_1_55' title='bbox 1691 996 1926 1071; x_wconf 80' lang='lat' dir='ltr'><strong>cavatis,</strong></span> <span class='ocrx_word' id='word_1_56' title='bbox 2025 1035 2029 1039; x_wconf 93' lang='lat'>-</span> 
     </span>
     <span class='ocr_line' id='line_1_10' title="bbox 455 1070 1718 1147; baseline 0.001 -19"><span class='ocrx_word' id='word_1_57' title='bbox 455 1072 572 1129; x_wconf 80' lang='lat' dir='ltr'><strong>Seu</strong></span> <span class='ocrx_word' id='word_1_58' title='bbox 603 1071 758 1144; x_wconf 87' lang='lat' dir='ltr'><strong>lento</strong></span> <span class='ocrx_word' id='word_1_59' title='bbox 786 1071 1001 1128; x_wconf 82' lang='lat' dir='ltr'><strong>fuerint</strong></span> <span class='ocrx_word' id='word_1_60' title='bbox 1026 1070 1273 1128; x_wconf 84' lang='lat' dir='ltr'><strong>alvearia</strong></span> <span class='ocrx_word' id='word_1_61' title='bbox 1297 1071 1514 1128; x_wconf 80' lang='lat' dir='ltr'><strong>vimine</strong></span> <span class='ocrx_word' id='word_1_62' title='bbox 1542 1081 1718 1147; x_wconf 80' lang='lat' dir='ltr'><strong>texta,</strong></span> 
     </span>
    </p>

    <p class='ocr_par' dir='ltr' id='par_1_4' title="bbox 449 1148 2082 1931">
     <span class='ocr_line' id='line_1_11' title="bbox 459 1148 1892 1225; baseline 0.001 -19"><span class='ocrx_word' id='word_1_63' title='bbox 459 1151 749 1224; x_wconf 83' lang='lat' dir='ltr'>Angustos</span> <span class='ocrx_word' id='word_1_64' title='bbox 776 1148 1028 1207; x_wconf 76' lang='lat' dir='ltr'><strong>habeant</strong></span> <span class='ocrx_word' id='word_1_65' title='bbox 1057 1149 1279 1206; x_wconf 89' lang='lat' dir='ltr'><strong>aditus:</strong></span> <span class='ocrx_word' id='word_1_66' title='bbox 1321 1168 1456 1206; x_wconf 87' lang='lat' dir='ltr'><strong>nam</strong></span> <span class='ocrx_word' id='word_1_67' title='bbox 1483 1148 1690 1225; x_wconf 78' lang='lat' dir='ltr'>frigore</span> <span class='ocrx_word' id='word_1_68' title='bbox 1717 1150 1892 1210; x_wconf 86' lang='lat' dir='ltr'><strong>mella</strong></span> 
     </span>
     <span class='ocr_line' id='line_1_12' title="bbox 457 1227 2002 1303; baseline 0 -18"><span class='ocrx_word' id='word_1_69' title='bbox 457 1228 582 1303; x_wconf 83' lang='lat' dir='ltr'><strong>Cog</strong></span> <span class='ocrx_word' id='word_1_70' title='bbox 584 1229 628 1285; x_wconf 91' lang='lat' dir='ltr'><strong>it</strong></span> <span class='ocrx_word' id='word_1_71' title='bbox 653 1228 858 1300; x_wconf 60' lang='lat' dir='ltr'><strong>hiems»,</strong></span> <span class='ocrx_word' id='word_1_72' title='bbox 889 1227 1207 1302; x_wconf 84' lang='lat' dir='ltr'><strong>eademque</strong></span> <span class='ocrx_word' id='word_1_73' title='bbox 1234 1227 1390 1290; x_wconf 73' lang='lat' dir='ltr'><strong>calor:</strong></span> <span class='ocrx_word' id='word_1_74' title='bbox 1415 1227 1724 1302; x_wconf 82' lang='lat' dir='ltr'><strong>liquefacta</strong></span> <span class='ocrx_word' id='word_1_75' title='bbox 1749 1228 2002 1287; x_wconf 74' lang='lat' dir='ltr'><strong>remittit.</strong></span> 
     </span>
     <span class='ocr_line' id='line_1_13' title="bbox 459 1305 2045 1396; baseline 0.001 -34"><span class='ocrx_word' id='word_1_76' title='bbox 459 1305 718 1383; x_wconf 84' lang='lat' dir='ltr'><strong>Utraque</strong></span> <span class='ocrx_word' id='word_1_77' title='bbox 745 1306 831 1363; x_wconf 89' lang='lat' dir='ltr'><strong>vis</strong></span> <span class='ocrx_word' id='word_1_78' title='bbox 860 1306 1064 1396; x_wconf 81' lang='lat' dir='ltr'><strong>apibus</strong></span> <span class='ocrx_word' id='word_1_79' title='bbox 1091 1305 1302 1396; x_wconf 77' lang='lat' dir='ltr'><strong>pariter</strong></span> <span class='ocrx_word' id='word_1_80' title='bbox 1327 1306 1673 1363; x_wconf 85' lang='lat' dir='ltr'><strong>metuenda:</strong></span> <span class='ocrx_word' id='word_1_81' title='bbox 1714 1325 1904 1383; x_wconf 87' lang='lat' dir='ltr'><strong>neque</strong></span> <span class='ocrx_word' id='word_1_82' title='bbox 1930 1306 2045 1365; x_wconf 65' lang='lat' dir='ltr'><strong>illa</strong></span> 
     </span>
     <span class='ocr_line' id='line_1_14' title="bbox 457 1383 1815 1460; baseline 0.001 -19"><span class='ocrx_word' id='word_1_83' title='bbox 457 1383 907 1460; x_wconf 82' lang='lat' dir='ltr'><strong>Nequidquam</strong></span> <span class='ocrx_word' id='word_1_84' title='bbox 891 1402 952 1440; x_wconf 84' lang='grc' dir='ltr'><strong>ιιι</strong></span> <span class='ocrx_word' id='word_1_85' title='bbox 979 1383 1146 1439; x_wconf 88' lang='lat' dir='ltr'><strong>tectis</strong></span> <span class='ocrx_word' id='word_1_86' title='bbox 1175 1385 1433 1440; x_wconf 82' lang='lat' dir='ltr'><strong>cert-atim</strong></span> <span class='ocrx_word' id='word_1_87' title='bbox 1461 1385 1655 1441; x_wconf 88' lang='lat' dir='ltr'><strong>tenuia</strong></span> <span class='ocrx_word' id='word_1_88' title='bbox 1682 1403 1815 1442; x_wconf 82' lang='lat' dir='ltr'><strong>cera</strong></span> 
     </span>
     <span class='ocr_line' id='line_1_15' title="bbox 460 1461 1836 1538; baseline 0.002 -20"><span class='ocrx_word' id='word_1_89' title='bbox 460 1463 818 1538; x_wconf 78' lang='lat' dir='ltr'><strong>Spitamenta</strong></span> <span class='ocrx_word' id='word_1_90' title='bbox 845 1462 1052 1535; x_wconf 82' lang='lat' dir='ltr'><strong>linunt,</strong></span> <span class='ocrx_word' id='word_1_91' title='bbox 1085 1461 1335 1537; x_wconf 83' lang='lat' dir='ltr'><strong>sucoque</strong></span> <span class='ocrx_word' id='word_1_92' title='bbox 1363 1471 1422 1520; x_wconf 85' lang='lat' dir='ltr'><strong>et</strong></span> <span class='ocrx_word' id='word_1_93' title='bbox 1443 1461 1682 1520; x_wconf 79' lang='lat' dir='ltr'><strong>floribus</strong></span> <span class='ocrx_word' id='word_1_94' title='bbox 1708 1478 1836 1521; x_wconf 73' lang='lat' dir='ltr'><strong>oras</strong></span> 
     </span>
     <span class='ocr_line' id='line_1_16' title="bbox 457 1536 2082 1617; baseline 0.002 -20"><span class='ocrx_word' id='word_1_95' title='bbox 457 1541 735 1617; x_wconf 83' lang='lat' dir='ltr'><strong>Explent‚</strong></span> <span class='ocrx_word' id='word_1_96' title='bbox 764 1539 1184 1615; x_wconf 72' lang='lat' dir='ltr'><strong>collectumque</strong></span> <span class='ocrx_word' id='word_1_97' title='bbox 1212 1540 1385 1597; x_wconf 83' lang='lat' dir='ltr'><strong>haec</strong></span> <span class='ocrx_word' id='word_1_98' title='bbox 1368 1557 1493 1617; x_wconf 74' lang='lat' dir='ltr'><strong>ipsa</strong></span> <span class='ocrx_word' id='word_1_99' title='bbox 1520 1541 1591 1598; x_wconf 87' lang='lat' dir='ltr'><strong>ad</strong></span> <span class='ocrx_word' id='word_1_100' title='bbox 1619 1558 1859 1601; x_wconf 84' lang='lat' dir='ltr'><strong>munera</strong></span> <span class='ocrx_word' id='word_1_101' title='bbox 1882 1536 2082 1617; x_wconf 77' lang='lat' dir='ltr'><strong>gluten</strong></span> 
     </span>
     <span class='ocr_line' id='line_1_17' title="bbox 456 1617 1937 1694; baseline 0.001 -18"><span class='ocrx_word' id='word_1_102' title='bbox 456 1617 538 1676; x_wconf 76' lang='lat' dir='ltr'><strong>Et</strong></span> <span class='ocrx_word' id='word_1_103' title='bbox 565 1622 724 1677; x_wconf 86' lang='lat' dir='ltr'><strong>visco</strong></span> <span class='ocrx_word' id='word_1_104' title='bbox 753 1627 812 1676; x_wconf 88' lang='lat' dir='ltr'><strong>et</strong></span> <span class='ocrx_word' id='word_1_105' title='bbox 837 1618 1104 1694; x_wconf 68' lang='lat' dir='ltr'><strong>Phrygiae</strong></span> <span class='ocrx_word' id='word_1_106' title='bbox 1134 1627 1367 1676; x_wconf 83' lang='lat' dir='ltr'><strong>servant</strong></span> <span class='ocrx_word' id='word_1_107' title='bbox 1391 1619 1524 1694; x_wconf 83' lang='lat' dir='ltr'><strong>pice</strong></span> <span class='ocrx_word' id='word_1_108' title='bbox 1550 1619 1758 1678; x_wconf 88' lang='lat' dir='ltr'><strong>lentius</strong></span> <span class='ocrx_word' id='word_1_109' title='bbox 1796 1618 1937 1678; x_wconf 77' lang='lat' dir='ltr'><strong>Idae.</strong></span> 
     </span>
     <span class='ocr_line' id='line_1_18' title="bbox 449 1695 1914 1774; baseline 0.001 -19"><span class='ocrx_word' id='word_1_110' title='bbox 449 1695 627 1774; x_wconf 60' lang='lat' dir='ltr'><strong>Scep&amp;</strong></span> <span class='ocrx_word' id='word_1_111' title='bbox 655 1697 831 1755; x_wconf 85' lang='lat' dir='ltr'><strong>etiam</strong></span> <span class='ocrx_word' id='word_1_112' title='bbox 861 1697 1101 1771; x_wconf 71' lang='lat' dir='ltr'><strong>effossiS‚</strong></span> <span class='ocrx_word' id='word_1_113' title='bbox 1130 1696 1181 1754; x_wconf 89' lang='lat' dir='ltr'><strong>si</strong></span> <span class='ocrx_word' id='word_1_114' title='bbox 1207 1714 1340 1754; x_wconf 80' lang='lat' dir='ltr'><strong>vera</strong></span> <span class='ocrx_word' id='word_1_115' title='bbox 1371 1705 1460 1754; x_wconf 85' lang='lat' dir='ltr'><strong>est</strong></span> <span class='ocrx_word' id='word_1_116' title='bbox 1483 1696 1653 1767; x_wconf 77' lang='lat' dir='ltr'><strong>fama,</strong></span> <span class='ocrx_word' id='word_1_117' title='bbox 1680 1697 1914 1757; x_wconf 84' lang='lat' dir='ltr'><strong>latebris</strong></span> 
     </span>
     <span class='ocr_line' id='line_1_19' title="bbox 456 1773 1844 1854; baseline 0.001 -20"><span class='ocrx_word' id='word_1_118' title='bbox 456 1778 578 1833; x_wconf 85' lang='lat' dir='ltr'><strong>Sub</strong></span> <span class='ocrx_word' id='word_1_119' title='bbox 606 1776 754 1834; x_wconf 88' lang='lat' dir='ltr'><strong>terra</strong></span> <span class='ocrx_word' id='word_1_120' title='bbox 781 1773 978 1832; x_wconf 65' lang='lat' dir='ltr'><strong>fovere</strong></span> <span class='ocrx_word' id='word_1_121' title='bbox 1005 1776 1200 1848; x_wconf 84' lang='lat' dir='ltr'><strong>larem,</strong></span> <span class='ocrx_word' id='word_1_122' title='bbox 1229 1773 1576 1852; x_wconf 66' lang='lat' dir='ltr'><strong>penitusque</strong></span> <span class='ocrx_word' id='word_1_123' title='bbox 1602 1785 1844 1854; x_wconf 75' lang='lat' dir='ltr'><strong>repertae</strong></span> 
     </span>
     <span class='ocr_line' id='line_1_20' title="bbox 453 1853 1897 1931; baseline 0.001 -18"><span class='ocrx_word' id='word_1_124' title='bbox 453 1854 904 1931; x_wconf 89' lang='lat' dir='ltr'><strong>Pumicibusque</strong></span> <span class='ocrx_word' id='word_1_125' title='bbox 933 1854 1107 1927; x_wconf 71' lang='lat' dir='ltr'><strong>cavis,</strong></span> <span class='ocrx_word' id='word_1_126' title='bbox 1137 1872 1447 1929; x_wconf 61' lang='lat' dir='ltr'><strong>exesaeque</strong></span> <span class='ocrx_word' id='word_1_127' title='bbox 1469 1853 1690 1913; x_wconf 83' lang='lat' dir='ltr'><strong>arboris</strong></span> <span class='ocrx_word' id='word_1_128' title='bbox 1718 1864 1897 1914; x_wconf 74' lang='lat' dir='ltr'><strong>anuo.</strong></span> 
     </span>
    </p>

    <p class='ocr_par' dir='ltr' id='par_1_5' title="bbox 454 1932 1699 1993">
     <span class='ocr_line' id='line_1_21' title="bbox 454 1932 1699 1993; baseline 0 -2"><span class='ocrx_word' id='word_1_129' title='bbox 454 1933 546 1991; x_wconf 87' lang='lat' dir='ltr'><strong>Tu</strong></span> <span class='ocrx_word' id='word_1_130' title='bbox 576 1944 769 1990; x_wconf 73' lang='lat' dir='ltr'><strong>tamen</strong></span> <span class='ocrx_word' id='word_1_131' title='bbox 798 1952 832 1989; x_wconf 90' lang='lat' dir='ltr'><strong>e</strong></span> <span class='ocrx_word' id='word_1_132' title='bbox 859 1932 974 1990; x_wconf 81' lang='lat' dir='ltr'><strong>levi</strong></span> <span class='ocrx_word' id='word_1_133' title='bbox 1002 1932 1210 1989; x_wconf 89' lang='lat' dir='ltr'><strong>rimosa</strong></span> <span class='ocrx_word' id='word_1_134' title='bbox 1235 1932 1449 1993; x_wconf 82' lang='lat' dir='ltr'><strong>cubilia</strong></span> <span class='ocrx_word' id='word_1_135' title='bbox 1474 1933 1611 1991; x_wconf 89' lang='lat' dir='ltr'><strong>limo</strong></span> <span class='ocrx_word' id='word_1_136' title='bbox 1691 1943 1699 1959; x_wconf 95' lang='lat'><strong><em>¹</em></strong></span> 
     </span>
    </p>

    <p class='ocr_par' dir='ltr' id='par_1_6' title="bbox 454 2008 2028 2245">
     <span class='ocr_line' id='line_1_22' title="bbox 454 2008 2028 2102; baseline -0.001 -31"><span class='ocrx_word' id='word_1_137' title='bbox 454 2013 629 2088; x_wconf 84' lang='lat' dir='ltr'><strong>Unge</strong></span> <span class='ocrx_word' id='word_1_138' title='bbox 656 2010 855 2069; x_wconf 88' lang='lat' dir='ltr'><strong>fovens</strong></span> <span class='ocrx_word' id='word_1_139' title='bbox 882 2008 1116 2102; x_wconf 68' lang='lat' dir='ltr'><strong>circum,</strong></span> <span class='ocrx_word' id='word_1_140' title='bbox 1147 2019 1207 2069; x_wconf 82' lang='lat' dir='ltr'><strong>et</strong></span> <span class='ocrx_word' id='word_1_141' title='bbox 1231 2027 1383 2068; x_wconf 85' lang='lat' dir='ltr'><strong>raras</strong></span> <span class='ocrx_word' id='word_1_142' title='bbox 1401 2011 1754 2090; x_wconf 81' lang='lat' dir='ltr'><strong>seperinjice</strong></span> <span class='ocrx_word' id='word_1_143' title='bbox 1780 2010 2028 2070; x_wconf 83' lang='lat' dir='ltr'><strong>frondes.</strong></span> 
     </span>
     <span class='ocr_line' id='line_1_23' title="bbox 454 2087 1917 2178; baseline 0 -28"><span class='ocrx_word' id='word_1_144' title='bbox 454 2091 591 2150; x_wconf 90' lang='lat' dir='ltr'><strong>Neu</strong></span> <span class='ocrx_word' id='word_1_145' title='bbox 616 2087 853 2169; x_wconf 70' lang='lat' dir='ltr'><strong>propius</strong></span> <span class='ocrx_word' id='word_1_146' title='bbox 881 2089 1048 2178; x_wconf 88' lang='lat' dir='ltr'><strong>tectis</strong></span> <span class='ocrx_word' id='word_1_147' title='bbox 1077 2101 1291 2158; x_wconf 84' lang='lat' dir='ltr'><strong>taxum</strong></span> <span class='ocrx_word' id='word_1_148' title='bbox 1299 2089 1443 2164; x_wconf 85' lang='lat' dir='ltr'><strong>sine,</strong></span> <span class='ocrx_word' id='word_1_149' title='bbox 1472 2108 1620 2147; x_wconf 78' lang='lat' dir='ltr'><strong>neve</strong></span> <span class='ocrx_word' id='word_1_150' title='bbox 1648 2088 1917 2151; x_wconf 80' lang='lat' dir='ltr'><strong>rubentes</strong></span> 
     </span>
     <span class='ocr_line' id='line_1_24' title="bbox 454 2167 1783 2245; baseline -0.004 -14"><span class='ocrx_word' id='word_1_151' title='bbox 454 2171 577 2231; x_wconf 88' lang='lat' dir='ltr'><strong>Ure</strong></span> <span class='ocrx_word' id='word_1_152' title='bbox 603 2171 730 2228; x_wconf 88' lang='lat' dir='ltr'><strong>foco</strong></span> <span class='ocrx_word' id='word_1_153' title='bbox 758 2187 1027 2241; x_wconf 82' lang='lat' dir='ltr'><strong>cancros3</strong></span> <span class='ocrx_word' id='word_1_154' title='bbox 1065 2167 1200 2226; x_wconf 82' lang='lat' dir='ltr'><strong>altae</strong></span> <span class='ocrx_word' id='word_1_155' title='bbox 1227 2187 1345 2224; x_wconf 85' lang='lat' dir='ltr'><strong>neu</strong></span> <span class='ocrx_word' id='word_1_156' title='bbox 1373 2169 1546 2225; x_wconf 74' lang='lat' dir='ltr'><strong>crede</strong></span> <span class='ocrx_word' id='word_1_157' title='bbox 1566 2169 1783 2245; x_wconf 83' lang='lat' dir='ltr'><strong>paludi,</strong></span> 
     </span>
    </p>

    <p class='ocr_par' dir='ltr' id='par_1_7' title="bbox 453 2245 2011 2402">
     <span class='ocr_line' id='line_1_25' title="bbox 453 2245 2011 2323; baseline -0.002 -15"><span class='ocrx_word' id='word_1_158' title='bbox 453 2253 574 2307; x_wconf 84' lang='lat' dir='ltr'><strong>Aut</strong></span> <span class='ocrx_word' id='word_1_159' title='bbox 599 2249 697 2307; x_wconf 88' lang='lat' dir='ltr'><strong>ubi</strong></span> <span class='ocrx_word' id='word_1_160' title='bbox 725 2248 866 2306; x_wconf 88' lang='lat' dir='ltr'><strong>odor</strong></span> <span class='ocrx_word' id='word_1_161' title='bbox 888 2248 1044 2305; x_wconf 82' lang='lat' dir='ltr'><strong>coeni</strong></span> <span class='ocrx_word' id='word_1_162' title='bbox 1071 2266 1279 2321; x_wconf 60' lang='lat' dir='ltr'><strong>gravis,</strong></span> <span class='ocrx_word' id='word_1_163' title='bbox 1310 2256 1408 2304; x_wconf 85' lang='lat' dir='ltr'><strong>aut</strong></span> <span class='ocrx_word' id='word_1_164' title='bbox 1434 2245 1533 2303; x_wconf 91' lang='lat' dir='ltr'><strong>ubi</strong></span> <span class='ocrx_word' id='word_1_165' title='bbox 1562 2263 1817 2303; x_wconf 85' lang='lat' dir='ltr'><strong>concava</strong></span> <span class='ocrx_word' id='word_1_166' title='bbox 1840 2246 2011 2323; x_wconf 77' lang='lat' dir='ltr'><strong>pulsu</strong></span> 
     </span>
     <span class='ocr_line' id='line_1_26' title="bbox 455 2324 1903 2403; baseline -0.004 -17"><span class='ocrx_word' id='word_1_167' title='bbox 455 2329 610 2386; x_wconf 83' lang='lat' dir='ltr'><strong>Saxa</strong></span> <span class='ocrx_word' id='word_1_168' title='bbox 635 2336 858 2403; x_wconf 85' lang='lat' dir='ltr'><strong>sonant,</strong></span> <span class='ocrx_word' id='word_1_169' title='bbox 886 2328 1160 2402; x_wconf 78' lang='lat' dir='ltr'><strong>vocisque</strong></span> <span class='ocrx_word' id='word_1_170' title='bbox 1187 2324 1410 2382; x_wconf 81' lang='lat' dir='ltr'><strong>offensa</strong></span> <span class='ocrx_word' id='word_1_171' title='bbox 1434 2324 1711 2383; x_wconf 85' lang='lat' dir='ltr'><strong>resultat</strong></span> <span class='ocrx_word' id='word_1_172' title='bbox 1694 2343 1903 2401; x_wconf 81' lang='lat' dir='ltr'><strong>imago.</strong></span> 
     </span>
    </p>

    <p class='ocr_par' dir='ltr' id='par_1_8' title="bbox 452 2402 2179 2953">
     <span class='ocr_line' id='line_1_27' title="bbox 535 2402 2179 2483; baseline -0.001 -19"><span class='ocrx_word' id='word_1_173' title='bbox 535 2407 706 2479; x_wconf 79' lang='lat' dir='ltr'><strong>Quod</strong></span> <span class='ocrx_word' id='word_1_174' title='bbox 735 2416 1012 2483; x_wconf 80' lang='lat' dir='ltr'><strong>superest,</strong></span> <span class='ocrx_word' id='word_1_175' title='bbox 1035 2404 1145 2462; x_wconf 89' lang='lat' dir='ltr'><strong>ubi·</strong></span> <span class='ocrx_word' id='word_1_176' title='bbox 1160 2402 1387 2481; x_wconf 85' lang='lat' dir='ltr'><strong>pulsam</strong></span> <span class='ocrx_word' id='word_1_177' title='bbox 1416 2403 1668 2461; x_wconf 87' lang='lat' dir='ltr'><strong>hiemem</strong></span> <span class='ocrx_word' id='word_1_178' title='bbox 1698 2403 1796 2461; x_wconf 88' lang='lat' dir='ltr'><strong>Sol</strong></span> <span class='ocrx_word' id='word_1_179' title='bbox 1826 2420 2031 2466; x_wconf 66' lang='lat' dir='ltr'><strong>autem</strong></span> <span class='ocrx_word' id='word_1_180' title='bbox 2057 2402 2179 2480; x_wconf 72' lang='lat' dir='ltr'><strong>egit</strong></span> 
     </span>
     <span class='ocr_line' id='line_1_28' title="bbox 454 2482 1806 2579; baseline -0.002 -36"><span class='ocrx_word' id='word_1_181' title='bbox 454 2487 576 2544; x_wconf 87' lang='lat' dir='ltr'><strong>Sub</strong></span> <span class='ocrx_word' id='word_1_182' title='bbox 600 2495 797 2559; x_wconf 78' lang='lat' dir='ltr'><strong>terraS,</strong></span> <span class='ocrx_word' id='word_1_183' title='bbox 827 2484 1150 2579; x_wconf 84' lang='lat' dir='ltr'><strong>ccelumque</strong></span> <span class='ocrx_word' id='word_1_184' title='bbox 1179 2483 1377 2540; x_wconf 82' lang='lat' dir='ltr'><strong>aestiva</strong></span> <span class='ocrx_word' id='word_1_185' title='bbox 1399 2482 1528 2540; x_wconf 89' lang='lat' dir='ltr'><strong>luce</strong></span> <span class='ocrx_word' id='word_1_186' title='bbox 1555 2482 1806 2558; x_wconf 85' lang='lat' dir='ltr'><strong>reclusit,</strong></span> 
     </span>
     <span class='ocr_line' id='line_1_29' title="bbox 455 2560 1746 2638; baseline -0.002 -16"><span class='ocrx_word' id='word_1_187' title='bbox 455 2565 576 2623; x_wconf 81' lang='lat' dir='ltr'>111ae</span> <span class='ocrx_word' id='word_1_188' title='bbox 604 2560 880 2622; x_wconf 74' lang='lat' dir='ltr'><strong>continuo</strong></span> <span class='ocrx_word' id='word_1_189' title='bbox 909 2563 1085 2634; x_wconf 82' lang='lat' dir='ltr'><strong>saltus</strong></span> <span class='ocrx_word' id='word_1_190' title='bbox 1113 2562 1399 2638; x_wconf 85' lang='lat' dir='ltr'><strong>silvasque</strong></span> <span class='ocrx_word' id='word_1_191' title='bbox 1424 2570 1746 2638; x_wconf 83' lang='lat' dir='ltr'><strong>peragrant,</strong></span> 
     </span>
     <span class='ocr_line' id='line_1_30' title="bbox 452 2619 1914 2733; baseline -0.001 -32"><span class='ocrx_word' id='word_1_192' title='bbox 452 2644 913 2721; x_wconf 78' lang='lat' dir='ltr'><strong>Purpureusque</strong></span> <span class='ocrx_word' id='word_1_193' title='bbox 920 2649 1160 2702; x_wconf 82' lang='lat' dir='ltr'><strong>metunt</strong></span> <span class='ocrx_word' id='word_1_194' title='bbox 1166 2640 1356 2733; x_wconf 67' lang='lat' dir='ltr'><strong>flores,</strong></span> <span class='ocrx_word' id='word_1_195' title='bbox 1383 2650 1446 2698; x_wconf 90' lang='lat' dir='ltr'><strong>et</strong></span> <span class='ocrx_word' id='word_1_196' title='bbox 1470 2640 1708 2698; x_wconf 89' lang='lat' dir='ltr'><strong>flumina</strong></span> <span class='ocrx_word' id='word_1_197' title='bbox 1733 2619 1914 2699; x_wconf 74' lang='lat' dir='ltr'><strong>libant</strong></span> 
     </span>
     <span class='ocr_line' id='line_1_31' title="bbox 454 2720 2056 2796; baseline -0.001 -17"><span class='ocrx_word' id='word_1_198' title='bbox 454 2723 694 2780; x_wconf 88' lang='lat' dir='ltr'><strong>Summa</strong></span> <span class='ocrx_word' id='word_1_199' title='bbox 721 2722 896 2779; x_wconf 88' lang='lat' dir='ltr'><strong>leves.</strong></span> <span class='ocrx_word' id='word_1_200' title='bbox 980 2721 1173 2793; x_wconf 86' lang='lat' dir='ltr'><strong>Hinc,</strong></span> <span class='ocrx_word' id='word_1_201' title='bbox 1188 2720 1398 2780; x_wconf 88' lang='lat' dir='ltr'><strong>nescio</strong></span> <span class='ocrx_word' id='word_1_202' title='bbox 1412 2720 1525 2796; x_wconf 82' lang='lat' dir='ltr'><strong>qua</strong></span> <span class='ocrx_word' id='word_1_203' title='bbox 1553 2720 1858 2778; x_wconf 83' lang='lat' dir='ltr'><strong>dulcedine</strong></span> <span class='ocrx_word' id='word_1_204' title='bbox 1885 2720 2056 2795; x_wconf 62' lang='lat' dir='ltr'><strong>laem,</strong></span> 
     </span>
     <span class='ocr_line' id='line_1_32' title="bbox 452 2798 1992 2878; baseline -0.001 -19"><span class='ocrx_word' id='word_1_205' title='bbox 452 2801 799 2878; x_wconf 83' lang='lat' dir='ltr'><strong>Progeniem</strong></span> <span class='ocrx_word' id='word_1_206' title='bbox 827 2800 1107 2876; x_wconf 77' lang='lat' dir='ltr'><strong>nidosque</strong></span> <span class='ocrx_word' id='word_1_207' title='bbox 1135 2798 1369 2856; x_wconf 84' lang='lat' dir='ltr'><strong>fovent:</strong></span> <span class='ocrx_word' id='word_1_208' title='bbox 1411 2798 1549 2857; x_wconf 87' lang='lat' dir='ltr'><strong>hinc</strong></span> <span class='ocrx_word' id='word_1_209' title='bbox 1581 2806 1700 2857; x_wconf 87' lang='lat' dir='ltr'><strong>arte</strong></span> <span class='ocrx_word' id='word_1_210' title='bbox 1727 2807 1992 2858; x_wconf 72' lang='lat' dir='ltr'><strong>recentes</strong></span> 
     </span>
     <span class='ocr_line' id='line_1_33' title="bbox 453 2877 1781 2953; baseline -0.002 -15"><span class='ocrx_word' id='word_1_211' title='bbox 453 2880 772 2938; x_wconf 86' lang='lat' dir='ltr'><strong>Excudunt</strong></span> <span class='ocrx_word' id='word_1_212' title='bbox 796 2897 974 2949; x_wconf 68' lang='lat' dir='ltr'><strong>cem,</strong></span> <span class='ocrx_word' id='word_1_213' title='bbox 1003 2887 1062 2935; x_wconf 90' lang='lat' dir='ltr'><strong>et</strong></span> <span class='ocrx_word' id='word_1_214' title='bbox 1088 2877 1260 2935; x_wconf 86' lang='lat' dir='ltr'><strong>mella</strong></span> <span class='ocrx_word' id='word_1_215' title='bbox 1286 2877 1513 2936; x_wconf 79' lang='lat' dir='ltr'><strong>tenacia</strong></span> <span class='ocrx_word' id='word_1_216' title='bbox 1540 2878 1781 2953; x_wconf 82' lang='lat' dir='ltr'><strong>fingunt.</strong></span> 
     </span>
    </p>

    <p class='ocr_par' dir='ltr' id='par_1_9' title="bbox 450 2955 2046 3649">
     <span class='ocr_line' id='line_1_34' title="bbox 531 2955 1961 3037; baseline -0.001 -21"><span class='ocrx_word' id='word_1_217' title='bbox 531 2960 688 3016; x_wconf 88' lang='lat' dir='ltr'><strong>Hinc</strong></span> <span class='ocrx_word' id='word_1_218' title='bbox 717 2957 862 3016; x_wconf 86' lang='lat' dir='ltr'><strong>ubi·</strong></span> <span class='ocrx_word' id='word_1_219' title='bbox 836 2976 960 3037; x_wconf 61' lang='lat' dir='ltr'><strong>jam</strong></span> <span class='ocrx_word' id='word_1_220' title='bbox 988 2956 1262 3014; x_wconf 85' lang='lat' dir='ltr'><strong>emissum</strong></span> <span class='ocrx_word' id='word_1_221' title='bbox 1290 2956 1486 3014; x_wconf 80' lang='lat' dir='ltr'><strong>caveis</strong></span> <span class='ocrx_word' id='word_1_222' title='bbox 1503 2957 1584 3014; x_wconf 80' lang='lat' dir='ltr'><strong>ad</strong></span> <span class='ocrx_word' id='word_1_223' title='bbox 1612 2956 1801 3014; x_wconf 73' lang='lat' dir='ltr'><strong>sidera</strong></span> <span class='ocrx_word' id='word_1_224' title='bbox 1826 2955 1961 3014; x_wconf 82' lang='lat' dir='ltr'><strong>eoeli</strong></span> 
     </span>
     <span class='ocr_line' id='line_1_35' title="bbox 454 3026 1936 3127; baseline -0.002 -32"><span class='ocrx_word' id='word_1_225' title='bbox 454 3038 610 3096; x_wconf 86' lang='lat' dir='ltr'><strong>Nare</strong></span> <span class='ocrx_word' id='word_1_226' title='bbox 638 3056 742 3114; x_wconf 85' lang='lat' dir='ltr'><strong>per</strong></span> <span class='ocrx_word' id='word_1_227' title='bbox 766 3043 1021 3095; x_wconf 65' lang='lat' dir='ltr'><strong>aestatem</strong></span> <span class='ocrx_word' id='word_1_228' title='bbox 1048 3034 1325 3111; x_wconf 83' lang='lat' dir='ltr'><strong>liquidam</strong></span> <span class='ocrx_word' id='word_1_229' title='bbox 1353 3026 1681 3127; x_wconf 78' lang='lat' dir='ltr'><strong>suspexeris</strong></span> <span class='ocrx_word' id='word_1_230' title='bbox 1709 3054 1936 3111; x_wconf 80' lang='lat' dir='ltr'><strong>agmen,</strong></span> 
     </span>
     <span class='ocr_line' id='line_1_36' title="bbox 454 3111 1832 3192; baseline -0.003 -18"><span class='ocrx_word' id='word_1_231' title='bbox 454 3116 888 3192; x_wconf 86' lang='lat' dir='ltr'><strong>Obscuramque</strong></span> <span class='ocrx_word' id='word_1_232' title='bbox 914 3111 1067 3172; x_wconf 85' lang='lat' dir='ltr'><strong>trahi</strong></span> <span class='ocrx_word' id='word_1_233' title='bbox 1089 3119 1265 3171; x_wconf 85' lang='lat' dir='ltr'><strong>vento</strong></span> <span class='ocrx_word' id='word_1_234' title='bbox 1292 3112 1570 3171; x_wconf 81' lang='lat' dir='ltr'><strong>mirabere</strong></span> <span class='ocrx_word' id='word_1_235' title='bbox 1598 3113 1832 3188; x_wconf 85' lang='lat' dir='ltr'><strong>nubem,</strong></span> 
     </span>
     <span class='ocr_line' id='line_1_37' title="bbox 450 3191 1978 3272; baseline 0 -24"><span class='ocrx_word' id='word_1_236' title='bbox 450 3194 925 3272; x_wconf 71' lang='lat' dir='ltr'><strong>Contemplat013</strong></span> <span class='ocrx_word' id='word_1_237' title='bbox 971 3195 1147 3268; x_wconf 85' lang='lat' dir='ltr'><strong>aquas</strong></span> <span class='ocrx_word' id='word_1_238' title='bbox 1175 3191 1375 3249; x_wconf 74' lang='lat' dir='ltr'><strong>dulces</strong></span> <span class='ocrx_word' id='word_1_239' title='bbox 1405 3201 1464 3250; x_wconf 89' lang='lat' dir='ltr'><strong>et</strong></span> <span class='ocrx_word' id='word_1_240' title='bbox 1480 3192 1725 3250; x_wconf 84' lang='lat' dir='ltr'><strong>frondea</strong></span> <span class='ocrx_word' id='word_1_241' title='bbox 1750 3209 1978 3267; x_wconf 86' lang='lat' dir='ltr'><strong>semper</strong></span> 
     </span>
     <span class='ocr_line' id='line_1_38' title="bbox 451 3271 1958 3351; baseline -0.003 -20"><span class='ocrx_word' id='word_1_242' title='bbox 451 3275 637 3332; x_wconf 88' lang='lat' dir='ltr'><strong>Tecta</strong></span> <span class='ocrx_word' id='word_1_243' title='bbox 661 3281 903 3351; x_wconf 86' lang='lat' dir='ltr'><strong>petunt.</strong></span> <span class='ocrx_word' id='word_1_244' title='bbox 946 3271 1062 3329; x_wconf 81' lang='lat' dir='ltr'><strong>huc</strong></span> <span class='ocrx_word' id='word_1_245' title='bbox 1089 3280 1152 3331; x_wconf 90' lang='lat' dir='ltr'><strong>tu</strong></span> <span class='ocrx_word' id='word_1_246' title='bbox 1171 3271 1365 3348; x_wconf 82' lang='lat' dir='ltr'><strong>jussos</strong></span> <span class='ocrx_word' id='word_1_247' title='bbox 1394 3287 1636 3347; x_wconf 78' lang='lat' dir='ltr'><strong>asperge</strong></span> <span class='ocrx_word' id='word_1_248' title='bbox 1660 3288 1911 3347; x_wconf 64' lang='lat' dir='ltr'><strong>sapores,</strong></span> <span class='ocrx_word' id='word_1_249' title='bbox 1951 3314 1958 3318; x_wconf 21' lang='lat' dir='ltr'>q</span> 
     </span>
     <span class='ocr_line' id='line_1_39' title="bbox 452 3350 2006 3443; baseline -0.001 -35"><span class='ocrx_word' id='word_1_250' title='bbox 452 3352 617 3411; x_wconf 83' lang='lat' dir='ltr'><strong>Trita</strong></span> <span class='ocrx_word' id='word_1_251' title='bbox 644 3350 1025 3443; x_wconf 84' lang='lat' dir='ltr'><strong>melisphylla,</strong></span> <span class='ocrx_word' id='word_1_252' title='bbox 1052 3357 1114 3407; x_wconf 90' lang='lat' dir='ltr'><strong>et</strong></span> <span class='ocrx_word' id='word_1_253' title='bbox 1141 3350 1420 3408; x_wconf 71' lang='lat' dir='ltr'><strong>cerinthus</strong></span> <span class='ocrx_word' id='word_1_254' title='bbox 1449 3350 1703 3425; x_wconf 83' lang='lat' dir='ltr'><strong>ignobile</strong></span> <span class='ocrx_word' id='word_1_255' title='bbox 1732 3365 2006 3424; x_wconf 82' lang='lat' dir='ltr'><strong>gramen·</strong></span> 
     </span>
     <span class='ocr_line' id='line_1_40' title="bbox 451 3423 2074 3508; baseline -0.001 -20"><span class='ocrx_word' id='word_1_256' title='bbox 451 3430 839 3508; x_wconf 88' lang='lat' dir='ltr'><strong>Tinnitusque</strong></span> <span class='ocrx_word' id='word_1_257' title='bbox 867 3429 978 3504; x_wconf 87' lang='lat' dir='ltr'><strong>cie,</strong></span> <span class='ocrx_word' id='word_1_258' title='bbox 1008 3438 1065 3486; x_wconf 90' lang='lat' dir='ltr'><strong>et</strong></span> <span class='ocrx_word' id='word_1_259' title='bbox 1091 3426 1297 3486; x_wconf 85' lang='lat' dir='ltr'><strong>Matris</strong></span> <span class='ocrx_word' id='word_1_260' title='bbox 1325 3435 1496 3506; x_wconf 90' lang='lat' dir='ltr'><strong>quate</strong></span> <span class='ocrx_word' id='word_1_261' title='bbox 1524 3427 1788 3504; x_wconf 80' lang='lat' dir='ltr'><strong>cymbala</strong></span> <span class='ocrx_word' id='word_1_262' title='bbox 1813 3423 2074 3486; x_wconf 62' lang='lat' dir='ltr'><strong>circum.</strong></span> 
     </span>
     <span class='ocr_line' id='line_1_41' title="bbox 453 3506 1739 3587; baseline -0.002 -21"><span class='ocrx_word' id='word_1_263' title='bbox 453 3509 601 3587; x_wconf 82' lang='lat' dir='ltr'><strong>Ipsae</strong></span> <span class='ocrx_word' id='word_1_264' title='bbox 630 3510 932 3568; x_wconf 84' lang='lat' dir='ltr'><strong>consident</strong></span> <span class='ocrx_word' id='word_1_265' title='bbox 959 3507 1259 3565; x_wconf 84' lang='lat' dir='ltr'><strong>medicatis</strong></span> <span class='ocrx_word' id='word_1_266' title='bbox 1284 3506 1557 3580; x_wconf 78' lang='lat' dir='ltr'><strong>sedibus3</strong></span> <span class='ocrx_word' id='word_1_267' title='bbox 1600 3506 1739 3584; x_wconf 70' lang='lat' dir='ltr'><strong>ipsas</strong></span> 
     </span>
     <span class='ocr_line' id='line_1_42' title="bbox 442 3584 1833 3649; baseline -0.002 -1.98"><span class='ocrx_word' id='word_1_268' title='bbox 442 3589 662 3649; x_wconf 79' lang='lat' dir='ltr'><strong>‘Intima</strong></span> <span class='ocrx_word' id='word_1_269' title='bbox 688 3608 845 3646; x_wconf 89' lang='lat' dir='ltr'><strong>more</strong></span> <span class='ocrx_word' id='word_1_270' title='bbox 873 3607 977 3645; x_wconf 86' lang='lat' dir='ltr'><strong>suo</strong></span> <span class='ocrx_word' id='word_1_271' title='bbox 1004 3605 1132 3645; x_wconf 84' lang='lat' dir='ltr'><strong>sese</strong></span> <span class='ocrx_word' id='word_1_272' title='bbox 1158 3587 1235 3644; x_wconf 86' lang='lat' dir='ltr'><strong>in</strong></span> <span class='ocrx_word' id='word_1_273' title='bbox 1253 3584 1542 3644; x_wconf 83' lang='lat' dir='ltr'><strong>cunabula</strong></span> <span class='ocrx_word' id='word_1_274' title='bbox 1566 3586 1833 3644; x_wconf 84' lang='lat' dir='ltr'><strong>condent.</strong></span> 
     </span>
    </p>

    <p class='ocr_par' dir='ltr' id='par_1_10' title="bbox 454 3659 2154 3821">
     <span class='ocr_line' id='line_1_43' title="bbox 530 3659 2154 3742; baseline -0.003 -15"><span class='ocrx_word' id='word_1_275' title='bbox 530 3670 629 3727; x_wconf 86' lang='lat' dir='ltr'><strong>Sin</strong></span> <span class='ocrx_word' id='word_1_276' title='bbox 654 3677 853 3725; x_wconf 84' lang='lat' dir='ltr'><strong>autem</strong></span> <span class='ocrx_word' id='word_1_277' title='bbox 883 3666 979 3723; x_wconf 87' lang='lat' dir='ltr'><strong>ad</strong></span> <span class='ocrx_word' id='word_1_278' title='bbox 981 3685 1234 3742; x_wconf 84' lang='lat' dir='ltr'><strong>pugnam</strong></span> <span class='ocrx_word' id='word_1_279' title='bbox 1267 3665 1516 3722; x_wconf 78' lang='lat' dir='ltr'><strong>exierint</strong></span> <span class='ocrx_word' id='word_1_280' title='bbox 1547 3662 1710 3742; x_wconf 87' lang='lat' dir='ltr'><strong>(nam</strong></span> <span class='ocrx_word' id='word_1_281' title='bbox 1741 3659 1898 3741; x_wconf 62' lang='lat' dir='ltr'><strong>saep&amp;</strong></span> <span class='ocrx_word' id='word_1_282' title='bbox 1925 3661 2154 3723; x_wconf 65' lang='lat' dir='ltr'><strong>duobus</strong></span> 
     </span>
     <span class='ocr_line' id='line_1_44' title="bbox 449 3742 1775 3822; baseline 0.002 -21.008"><span class='ocrx_word' id='word_1_283' title='bbox 449 3748 618 3822; x_wconf 54' lang='lat' dir='ltr'><strong>pegi!</strong></span> <span class='ocrx_word' id='word_1_284' title='bbox 626 3767 713 3819; x_wconf 86' lang='lat' dir='ltr'><strong>us</strong></span> <span class='ocrx_word' id='word_1_285' title='bbox 741 3746 981 3804; x_wconf 83' lang='lat' dir='ltr'><strong>incessit</strong></span> <span class='ocrx_word' id='word_1_286' title='bbox 1008 3764 1219 3819; x_wconf 83' lang='lat' dir='ltr'><strong>magno</strong></span> <span class='ocrx_word' id='word_1_287' title='bbox 1246 3743 1533 3802; x_wconf 81' lang='lat' dir='ltr'><strong>discordia</strong></span> <span class='ocrx_word' id='word_1_288' title='bbox 1558 3742 1775 3821; x_wconf 83' lang='lat' dir='ltr'><strong>motu),</strong></span> 
     </span>
    </p>

    <p class='ocr_par' dir='ltr' id='par_1_11' title="bbox 447 3820 1928 3900">
     <span class='ocr_line' id='line_1_45' title="bbox 447 3820 1928 3900; baseline -0.005 -15"><span class='ocrx_word' id='word_1_289' title='bbox 447 3829 600 3885; x_wconf 53' lang='lat' dir='ltr'><strong>(aes-12⁴„</strong></span> <span class='ocrx_word' id='word_1_290' title='bbox 607 3829 719 3883; x_wconf 73' lang='lat' dir='ltr'><strong>inu</strong></span> <span class='ocrx_word' id='word_1_291' title='bbox 717 3823 861 3900; x_wconf 52' lang='lat' dir='ltr'><strong>‘ique</strong></span> <span class='ocrx_word' id='word_1_292' title='bbox 892 3825 1121 3880; x_wconf 74' lang='lat' dir='ltr'><strong>animos</strong></span> <span class='ocrx_word' id='word_1_293' title='bbox 1138 3823 1294 3899; x_wconf 82' lang='lat' dir='ltr'><strong>vulgi</strong></span> <span class='ocrx_word' id='word_1_294' title='bbox 1325 3831 1385 3881; x_wconf 87' lang='lat' dir='ltr'><strong>et</strong></span> <span class='ocrx_word' id='word_1_295' title='bbox 1410 3823 1751 3899; x_wconf 81' lang='lat' dir='ltr'><strong>trepidantia</strong></span> <span class='ocrx_word' id='word_1_296' title='bbox 1773 3820 1928 3878; x_wconf 86' lang='lat' dir='ltr'><strong>bello</strong></span> 
     </span>
    </p>
   </div>
   <div class='ocr_carea' id='block_1_3' title="bbox 2329 1543 2410 1601">
    <p class='ocr_par' dir='ltr' id='par_1_12' title="bbox 2329 1543 2410 1601">
     <span class='ocr_line' id='line_1_46' title="bbox 2329 1543 2410 1601; baseline 0.025 -2"><span class='ocrx_word' id='word_1_297' title='bbox 2329 1543 2410 1601; x_wconf 74' lang='lat'><strong>40</strong></span> 
     </span>
    </p>
   </div>
  </div>
 </body>
</html>
