<?xml version="1.0" encoding="UTF-8"?>
<!DOCTYPE html PUBLIC "-//W3C//DTD XHTML 1.0 Transitional//EN"
    "http://www.w3.org/TR/xhtml1/DTD/xhtml1-transitional.dtd">
<html xmlns="http://www.w3.org/1999/xhtml" xml:lang="en" lang="en">
 <head>
  <title>
</title>
<meta http-equiv="Content-Type" content="text/html;charset=utf-8" />
  <meta name='ocr-system' content='tesseract 3.04.00' />
  <meta name='ocr-capabilities' content='ocr_page ocr_carea ocr_par ocr_line ocrx_word'/>
</head>
<body>
  <div class='ocr_page' id='page_1' title='image "./bucolicageorgic00unkngoog_0229.png"; bbox 0 0 2717 4300; ppageno 0'>
   <div class='ocr_carea' id='block_1_1' title="bbox 1145 351 2321 411">
    <p class='ocr_par' dir='ltr' id='par_1_1' title="bbox 1145 351 2321 411">
     <span class='ocr_line' id='line_1_1' title="bbox 1145 351 2321 411; baseline 0.003 -4"><span class='ocrx_word' id='word_1_1' title='bbox 1145 352 1375 407; x_wconf 84' lang='lat' dir='ltr'><strong>LIBER</strong></span> <span class='ocrx_word' id='word_1_2' title='bbox 1408 351 1534 407; x_wconf 87' lang='lat' dir='ltr'><strong>VII.</strong></span> <span class='ocrx_word' id='word_1_3' title='bbox 1842 381 1848 387; x_wconf 91' lang='lat'><strong>·</strong></span> <span class='ocrx_word' id='word_1_4' title='bbox 2211 355 2321 411; x_wconf 76' lang='lat'>207</span> 
     </span>
    </p>
   </div>
   <div class='ocr_carea' id='block_1_2' title="bbox 358 500 2332 3942">
    <p class='ocr_par' dir='ltr' id='par_1_2' title="bbox 358 500 2319 1596">
     <span class='ocr_line' id='line_1_2' title="bbox 358 500 1751 563; baseline -0.002 -2"><span class='ocrx_word' id='word_1_5' title='bbox 358 502 615 563; x_wconf 84' lang='lat' dir='ltr'>Paeoniis</span> <span class='ocrx_word' id='word_1_6' title='bbox 641 509 973 560; x_wconf 86' lang='lat' dir='ltr'>revocatum</span> <span class='ocrx_word' id='word_1_7' title='bbox 1001 500 1196 559; x_wconf 86' lang='lat' dir='ltr'>herbis</span> <span class='ocrx_word' id='word_1_8' title='bbox 1222 509 1279 557; x_wconf 86' lang='lat' dir='ltr'>et</span> <span class='ocrx_word' id='word_1_9' title='bbox 1307 520 1498 559; x_wconf 84' lang='lat' dir='ltr'>amore</span> <span class='ocrx_word' id='word_1_10' title='bbox 1525 501 1751 559; x_wconf 79' lang='lat' dir='ltr'>Dianae.</span> 
     </span>
     <span class='ocr_line' id='line_1_3' title="bbox 358 579 2319 673; baseline 0.001 -34"><span class='ocrx_word' id='word_1_11' title='bbox 358 581 514 639; x_wconf 89' lang='lat' dir='ltr'>Tum</span> <span class='ocrx_word' id='word_1_12' title='bbox 541 590 704 658; x_wconf 87' lang='lat' dir='ltr'>pater</span> <span class='ocrx_word' id='word_1_13' title='bbox 728 582 1111 673; x_wconf 73' lang='lat' dir='ltr'>omnipotenS,</span> <span class='ocrx_word' id='word_1_14' title='bbox 1144 580 1395 654; x_wconf 82' lang='lat' dir='ltr'><strong>aliquem</strong></span> <span class='ocrx_word' id='word_1_15' title='bbox 1422 579 1749 655; x_wconf 84' lang='lat' dir='ltr'>indignatus</span> <span class='ocrx_word' id='word_1_16' title='bbox 1779 580 1849 638; x_wconf 83' lang='lat' dir='ltr'>ab</span> <span class='ocrx_word' id='word_1_17' title='bbox 1880 579 2095 640; x_wconf 86' lang='lat' dir='ltr'>umbris</span> <span class='ocrx_word' id='word_1_18' title='bbox 2202 581 2319 640; x_wconf 73' lang='lat'>7⁸⁷0</span> 
     </span>
     <span class='ocr_line' id='line_1_4' title="bbox 360 657 1716 735; baseline -0.001 -17"><span class='ocrx_word' id='word_1_19' title='bbox 360 660 671 718; x_wconf 88' lang='lat' dir='ltr'>Mortalem</span> <span class='ocrx_word' id='word_1_20' title='bbox 698 659 933 717; x_wconf 87' lang='lat' dir='ltr'>inserms</span> <span class='ocrx_word' id='word_1_21' title='bbox 963 659 1035 716; x_wconf 91' lang='lat' dir='ltr'>ad</span> <span class='ocrx_word' id='word_1_22' title='bbox 1054 657 1276 715; x_wconf 88' lang='lat' dir='ltr'>lumina</span> <span class='ocrx_word' id='word_1_23' title='bbox 1303 678 1533 735; x_wconf 85' lang='lat' dir='ltr'>surgere</span> <span class='ocrx_word' id='word_1_24' title='bbox 1561 659 1716 735; x_wconf 87' lang='lat' dir='ltr'>vitae,</span> 
     </span>
     <span class='ocr_line' id='line_1_5' title="bbox 364 735 1602 815; baseline -0.001 -20"><span class='ocrx_word' id='word_1_25' title='bbox 364 738 497 815; x_wconf 77' lang='lat' dir='ltr'>Ipse</span> <span class='ocrx_word' id='word_1_26' title='bbox 525 746 866 814; x_wconf 82' lang='lat' dir='ltr'>repertorem</span> <span class='ocrx_word' id='word_1_27' title='bbox 885 736 1198 794; x_wconf 87' lang='lat' dir='ltr'>&#39;medicinae</span> <span class='ocrx_word' id='word_1_28' title='bbox 1227 735 1356 795; x_wconf 83' lang='lat' dir='ltr'>talis</span> <span class='ocrx_word' id='word_1_29' title='bbox 1385 746 1443 795; x_wconf 89' lang='lat' dir='ltr'>et</span> <span class='ocrx_word' id='word_1_30' title='bbox 1470 737 1602 794; x_wconf 89' lang='lat' dir='ltr'>artis</span> 
     </span>
     <span class='ocr_line' id='line_1_6' title="bbox 364 814 1925 892; baseline -0.002 -17"><span class='ocrx_word' id='word_1_31' title='bbox 364 817 633 875; x_wconf 88' lang='lat' dir='ltr'>Fulmine</span> <span class='ocrx_word' id='word_1_32' title='bbox 661 815 1077 892; x_wconf 89' lang='lat' dir='ltr'>Phoebigenam</span> <span class='ocrx_word' id='word_1_33' title='bbox 1108 816 1334 891; x_wconf 85' lang='lat' dir='ltr'>Stygias</span> <span class='ocrx_word' id='word_1_34' title='bbox 1358 815 1601 880; x_wconf 86' lang='lat' dir='ltr'>detrusit</span> <span class='ocrx_word' id='word_1_35' title='bbox 1627 815 1699 874; x_wconf 89' lang='lat' dir='ltr'>ad</span> <span class='ocrx_word' id='word_1_36' title='bbox 1725 814 1925 873; x_wconf 89' lang='lat' dir='ltr'>undas.</span> 
     </span>
     <span class='ocr_line' id='line_1_7' title="bbox 364 892 1805 971; baseline -0.001 -19"><span class='ocrx_word' id='word_1_37' title='bbox 364 898 445 953; x_wconf 83' lang='lat' dir='ltr'>At</span> <span class='ocrx_word' id='word_1_38' title='bbox 470 895 670 952; x_wconf 88' lang='lat' dir='ltr'>Trivia</span> <span class='ocrx_word' id='word_1_39' title='bbox 698 895 1078 971; x_wconf 84' lang='lat' dir='ltr'><strong>Hippolytum</strong></span> <span class='ocrx_word' id='word_1_40' title='bbox 1107 894 1341 951; x_wconf 88' lang='lat' dir='ltr'>secretis</span> <span class='ocrx_word' id='word_1_41' title='bbox 1372 892 1521 950; x_wconf 89' lang='lat' dir='ltr'>alma</span> <span class='ocrx_word' id='word_1_42' title='bbox 1546 895 1805 951; x_wconf 82' lang='lat' dir='ltr'>recondit</span> 
     </span>
     <span class='ocr_line' id='line_1_8' title="bbox 366 971 2319 1064; baseline -0.001 -35"><span class='ocrx_word' id='word_1_43' title='bbox 366 973 635 1046; x_wconf 83' lang='lat' dir='ltr'>Sedibus,</span> <span class='ocrx_word' id='word_1_44' title='bbox 665 982 724 1032; x_wconf 88' lang='lat' dir='ltr'>et</span> <span class='ocrx_word' id='word_1_45' title='bbox 749 973 1018 1064; x_wconf 75' lang='lat' dir='ltr'>nymphae</span> <span class='ocrx_word' id='word_1_46' title='bbox 1047 971 1277 1047; x_wconf 86' lang='lat' dir='ltr'>Egeriae</span> <span class='ocrx_word' id='word_1_47' title='bbox 1309 972 1648 1048; x_wconf 85' lang='lat' dir='ltr'>nemorique</span> <span class='ocrx_word' id='word_1_48' title='bbox 1676 972 1924 1047; x_wconf 87' lang='lat' dir='ltr'>relegat;</span> <span class='ocrx_word' id='word_1_49' title='bbox 2202 971 2319 1027; x_wconf 73' lang='lat'><em>&#39;¹1⁷5</em></span> 
     </span>
     <span class='ocr_line' id='line_1_9' title="bbox 365 1049 1642 1125; baseline -0.002 -16"><span class='ocrx_word' id='word_1_50' title='bbox 365 1051 538 1109; x_wconf 90' lang='lat' dir='ltr'>Solus</span> <span class='ocrx_word' id='word_1_51' title='bbox 565 1051 665 1109; x_wconf 91' lang='lat' dir='ltr'>ubi</span> <span class='ocrx_word' id='word_1_52' title='bbox 691 1052 751 1108; x_wconf 89' lang='lat' dir='ltr'>in</span> <span class='ocrx_word' id='word_1_53' title='bbox 779 1051 938 1108; x_wconf 89' lang='lat' dir='ltr'>silv1s</span> <span class='ocrx_word' id='word_1_54' title='bbox 968 1049 1128 1108; x_wconf 90' lang='lat' dir='ltr'>Italis</span> <span class='ocrx_word' id='word_1_55' title='bbox 1154 1049 1422 1125; x_wconf 87' lang='lat' dir='ltr'>ignobilis</span> <span class='ocrx_word' id='word_1_56' title='bbox 1452 1068 1642 1107; x_wconf 85' lang='lat' dir='ltr'>aevum</span> 
     </span>
     <span class='ocr_line' id='line_1_10' title="bbox 365 1127 1831 1206; baseline 0 -21"><span class='ocrx_word' id='word_1_57' title='bbox 365 1129 668 1204; x_wconf 87' lang='lat' dir='ltr'>Exigeret,</span> <span class='ocrx_word' id='word_1_58' title='bbox 696 1147 979 1206; x_wconf 86' lang='lat' dir='ltr'>versoque</span> <span class='ocrx_word' id='word_1_59' title='bbox 1005 1128 1108 1186; x_wconf 87' lang='lat' dir='ltr'>ubi</span> <span class='ocrx_word' id='word_1_60' title='bbox 1134 1127 1368 1185; x_wconf 89' lang='lat' dir='ltr'>nomine</span> <span class='ocrx_word' id='word_1_61' title='bbox 1395 1127 1635 1186; x_wconf 86' lang='lat' dir='ltr'>Virbius</span> <span class='ocrx_word' id='word_1_62' title='bbox 1663 1135 1831 1185; x_wconf 85' lang='lat' dir='ltr'>esset.</span> 
     </span>
     <span class='ocr_line' id='line_1_11' title="bbox 370 1199 1772 1285; baseline -0.003 -18"><span class='ocrx_word' id='word_1_63' title='bbox 370 1207 543 1267; x_wconf 90' lang='lat' dir='ltr'>Unde</span> <span class='ocrx_word' id='word_1_64' title='bbox 571 1209 743 1267; x_wconf 86' lang='lat' dir='ltr'>etiam</span> <span class='ocrx_word' id='word_1_65' title='bbox 770 1199 986 1285; x_wconf 74' lang='lat' dir='ltr'>templo</span> <span class='ocrx_word' id='word_1_66' title='bbox 1012 1206 1228 1264; x_wconf 76' lang='lat' dir='ltr'>Triviae</span> <span class='ocrx_word' id='word_1_67' title='bbox 1254 1206 1515 1282; x_wconf 88' lang='lat' dir='ltr'>lucisque</span> <span class='ocrx_word' id='word_1_68' title='bbox 1541 1206 1772 1264; x_wconf 86' lang='lat' dir='ltr'>sacratis</span> 
     </span>
     <span class='ocr_line' id='line_1_12' title="bbox 366 1272 1858 1363; baseline -0.002 -20"><span class='ocrx_word' id='word_1_69' title='bbox 366 1285 726 1363; x_wconf 84' lang='lat' dir='ltr'>Cornipedes</span> <span class='ocrx_word' id='word_1_70' title='bbox 754 1294 1020 1346; x_wconf 81' lang='lat' dir='ltr'>arcentur</span> <span class='ocrx_word' id='word_1_71' title='bbox 1045 1272 1198 1360; x_wconf 80' lang='lat' dir='ltr'>equi,</span> <span class='ocrx_word' id='word_1_72' title='bbox 1229 1282 1384 1359; x_wconf 73' lang='lat' dir='ltr'>quod</span> <span class='ocrx_word' id='word_1_73' title='bbox 1411 1285 1600 1342; x_wconf 89' lang='lat' dir='ltr'>littore</span> <span class='ocrx_word' id='word_1_74' title='bbox 1626 1301 1858 1341; x_wconf 90' lang='lat' dir='ltr'>currum</span> 
     </span>
     <span class='ocr_line' id='line_1_13' title="bbox 369 1359 2319 1454; baseline -0.003 -32"><span class='ocrx_word' id='word_1_75' title='bbox 369 1359 451 1421; x_wconf 90' lang='lat' dir='ltr'>Et</span> <span class='ocrx_word' id='word_1_76' title='bbox 468 1364 747 1454; x_wconf 80' lang='lat' dir='ltr'>juvenem</span> <span class='ocrx_word' id='word_1_77' title='bbox 775 1363 1045 1421; x_wconf 86' lang='lat' dir='ltr'>monstris</span> <span class='ocrx_word' id='word_1_78' title='bbox 1070 1363 1264 1439; x_wconf 87' lang='lat' dir='ltr'>pavidi</span> <span class='ocrx_word' id='word_1_79' title='bbox 1292 1360 1550 1420; x_wconf 68' lang='lat' dir='ltr'>effudere</span> <span class='ocrx_word' id='word_1_80' title='bbox 1577 1361 1827 1420; x_wconf 87' lang='lat' dir='ltr'>marinis‘.</span> <span class='ocrx_word' id='word_1_81' title='bbox 2173 1421 2180 1426; x_wconf 67' lang='grc'>,</span> <span class='ocrx_word' id='word_1_82' title='bbox 2204 1362 2319 1417; x_wconf 79' lang='lat'>780</span> 
     </span>
     <span class='ocr_line' id='line_1_14' title="bbox 370 1438 1720 1517; baseline -0.002 -17"><span class='ocrx_word' id='word_1_83' title='bbox 370 1441 556 1500; x_wconf 88' lang='lat' dir='ltr'>Fihus</span> <span class='ocrx_word' id='word_1_84' title='bbox 584 1442 847 1500; x_wconf 79' lang='lat' dir='ltr'>ardentes</span> <span class='ocrx_word' id='word_1_85' title='bbox 873 1440 1027 1498; x_wconf 90' lang='lat' dir='ltr'>haud</span> <span class='ocrx_word' id='word_1_86' title='bbox 1056 1438 1244 1498; x_wconf 73' lang='lat' dir='ltr'>secius</span> <span class='ocrx_word' id='word_1_87' title='bbox 1273 1458 1504 1517; x_wconf 81' lang='lat' dir='ltr'>aequore</span> <span class='ocrx_word' id='word_1_88' title='bbox 1532 1439 1720 1516; x_wconf 84' lang='lat' dir='ltr'>campi</span> 
     </span>
     <span class='ocr_line' id='line_1_15' title="bbox 369 1517 1749 1596; baseline -0.002 -19"><span class='ocrx_word' id='word_1_89' title='bbox 369 1520 700 1578; x_wconf 76' lang='lat' dir='ltr'>Exercebat</span> <span class='ocrx_word' id='word_1_90' title='bbox 726 1538 924 1596; x_wconf 90' lang='lat' dir='ltr'>equos,</span> <span class='ocrx_word' id='word_1_91' title='bbox 953 1538 1240 1595; x_wconf 87' lang='lat' dir='ltr'>curruque</span> <span class='ocrx_word' id='word_1_92' title='bbox 1268 1518 1327 1575; x_wconf 89' lang='lat' dir='ltr'>in</span> <span class='ocrx_word' id='word_1_93' title='bbox 1356 1517 1508 1576; x_wconf 91' lang='lat' dir='ltr'>bella</span> <span class='ocrx_word' id='word_1_94' title='bbox 1535 1517 1749 1576; x_wconf 88' lang='lat' dir='ltr'>ruebat.</span> 
     </span>
    </p>

    <p class='ocr_par' dir='ltr' id='par_1_3' title="bbox 367 1595 2332 3153">
     <span class='ocr_line' id='line_1_16' title="bbox 450 1595 1828 1676; baseline -0.002 -21"><span class='ocrx_word' id='word_1_95' title='bbox 450 1598 583 1675; x_wconf 87' lang='lat' dir='ltr'>Ipse</span> <span class='ocrx_word' id='word_1_96' title='bbox 609 1599 758 1656; x_wconf 89' lang='lat' dir='ltr'>inter</span> <span class='ocrx_word' id='word_1_97' title='bbox 781 1597 992 1675; x_wconf 87' lang='lat' dir='ltr'>primos</span> <span class='ocrx_word' id='word_1_98' title='bbox 1018 1597 1307 1676; x_wconf 78' lang='lat' dir='ltr'>praestanti</span> <span class='ocrx_word' id='word_1_99' title='bbox 1334 1614 1571 1673; x_wconf 88' lang='lat' dir='ltr'>corpore</span> <span class='ocrx_word' id='word_1_100' title='bbox 1597 1595 1828 1654; x_wconf 88' lang='lat' dir='ltr'>Turnus</span> 
     </span>
     <span class='ocr_line' id='line_1_17' title="bbox 370 1669 2328 1752; baseline -0.002 -18"><span class='ocrx_word' id='word_1_101' title='bbox 370 1676 648 1751; x_wconf 89' lang='lat' dir='ltr'>Vertitur,</span> <span class='ocrx_word' id='word_1_102' title='bbox 679 1696 834 1734; x_wconf 88' lang='lat' dir='ltr'>arma</span> <span class='ocrx_word' id='word_1_103' title='bbox 858 1684 1082 1749; x_wconf 80' lang='lat' dir='ltr'>tenenS,</span> <span class='ocrx_word' id='word_1_104' title='bbox 1112 1669 1170 1733; x_wconf 73' lang='lat' dir='ltr'>et</span> <span class='ocrx_word' id='word_1_105' title='bbox 1194 1683 1313 1733; x_wconf 89' lang='lat' dir='ltr'>toto</span> <span class='ocrx_word' id='word_1_106' title='bbox 1338 1674 1555 1732; x_wconf 84' lang='lat' dir='ltr'>vertice</span> <span class='ocrx_word' id='word_1_107' title='bbox 1583 1670 1754 1750; x_wconf 71' lang='lat' dir='ltr'>supra</span> <span class='ocrx_word' id='word_1_108' title='bbox 1782 1680 1886 1732; x_wconf 83' lang='lat' dir='ltr'>est.</span> <span class='ocrx_word' id='word_1_109' title='bbox 2316 1739 2328 1752; x_wconf 38' lang='lat' dir='ltr'><em>c</em></span> 
     </span>
     <span class='ocr_line' id='line_1_18' title="bbox 367 1751 2321 1832; baseline -0.004 -19"><span class='ocrx_word' id='word_1_110' title='bbox 367 1751 489 1813; x_wconf 84' lang='lat' dir='ltr'>cui</span> <span class='ocrx_word' id='word_1_111' title='bbox 515 1754 723 1831; x_wconf 89' lang='lat' dir='ltr'>triplici</span> <span class='ocrx_word' id='word_1_112' title='bbox 752 1754 959 1811; x_wconf 77' lang='lat' dir='ltr'>crinita</span> <span class='ocrx_word' id='word_1_113' title='bbox 971 1753 1116 1832; x_wconf 66' lang='lat' dir='ltr'>juba</span> <span class='ocrx_word' id='word_1_114' title='bbox 1143 1753 1308 1828; x_wconf 80' lang='lat' dir='ltr'>galea</span> <span class='ocrx_word' id='word_1_115' title='bbox 1334 1753 1447 1811; x_wconf 91' lang='lat' dir='ltr'>alta</span> <span class='ocrx_word' id='word_1_116' title='bbox 1473 1752 1823 1811; x_wconf 64' lang='lat' dir='ltr'>Chimaeram</span> <span class='ocrx_word' id='word_1_117' title='bbox 2204 1751 2321 1807; x_wconf 76' lang='lat'>785</span> 
     </span>
     <span class='ocr_line' id='line_1_19' title="bbox 368 1830 1770 1907; baseline -0.003 -17"><span class='ocrx_word' id='word_1_118' title='bbox 368 1832 649 1907; x_wconf 88' lang='lat' dir='ltr'>Sustinet,</span> <span class='ocrx_word' id='word_1_119' title='bbox 677 1832 935 1889; x_wconf 83' lang='lat' dir='ltr'>AEtnaeos</span> <span class='ocrx_word' id='word_1_120' title='bbox 963 1830 1250 1889; x_wconf 86' lang='lat' dir='ltr'>efflantem</span> <span class='ocrx_word' id='word_1_121' title='bbox 1280 1830 1541 1889; x_wconf 87' lang='lat' dir='ltr'>faucibus</span> <span class='ocrx_word' id='word_1_122' title='bbox 1567 1831 1732 1905; x_wconf 87' lang='lat' dir='ltr'>ignes</span> <span class='ocrx_word' id='word_1_123' title='bbox 1756 1849 1770 1886; x_wconf 78' lang='lat' dir='ltr'>t</span> 
     </span>
     <span class='ocr_line' id='line_1_20' title="bbox 368 1906 1991 1986; baseline -0.002 -18"><span class='ocrx_word' id='word_1_124' title='bbox 368 1911 519 1968; x_wconf 89' lang='lat' dir='ltr'>Tam</span> <span class='ocrx_word' id='word_1_125' title='bbox 549 1907 730 1986; x_wconf 82' lang='lat' dir='ltr'>magis</span> <span class='ocrx_word' id='word_1_126' title='bbox 756 1909 857 1967; x_wconf 86' lang='lat' dir='ltr'>illa</span> <span class='ocrx_word' id='word_1_127' title='bbox 883 1909 1130 1966; x_wconf 84' lang='lat' dir='ltr'>fremens</span> <span class='ocrx_word' id='word_1_128' title='bbox 1159 1917 1218 1967; x_wconf 89' lang='lat' dir='ltr'>et</span> <span class='ocrx_word' id='word_1_129' title='bbox 1243 1909 1499 1967; x_wconf 89' lang='lat' dir='ltr'>tristibus</span> <span class='ocrx_word' id='word_1_130' title='bbox 1526 1907 1703 1965; x_wconf 87' lang='lat' dir='ltr'>effera</span> <span class='ocrx_word' id='word_1_131' title='bbox 1726 1906 1991 1982; x_wconf 70' lang='lat' dir='ltr'>flammiS,</span> 
     </span>
     <span class='ocr_line' id='line_1_21' title="bbox 370 1984 1915 2064; baseline -0.003 -18"><span class='ocrx_word' id='word_1_132' title='bbox 370 1986 565 2059; x_wconf 69' lang='lat' dir='ltr'>Quam</span> <span class='ocrx_word' id='word_1_133' title='bbox 594 1984 775 2064; x_wconf 84' lang='lat' dir='ltr'>magis</span> <span class='ocrx_word' id='word_1_134' title='bbox 803 1987 985 2045; x_wconf 88' lang='lat' dir='ltr'>effuso</span> <span class='ocrx_word' id='word_1_135' title='bbox 1013 1988 1356 2045; x_wconf 87' lang='lat' dir='ltr'>crudescunt</span> <span class='ocrx_word' id='word_1_136' title='bbox 1383 1987 1661 2062; x_wconf 83' lang='lat' dir='ltr'>sanguine</span> <span class='ocrx_word' id='word_1_137' title='bbox 1687 2001 1915 2062; x_wconf 81' lang='lat' dir='ltr'>pugnae.</span> 
     </span>
     <span class='ocr_line' id='line_1_22' title="bbox 371 2064 2293 2143; baseline -0.002 -19"><span class='ocrx_word' id='word_1_138' title='bbox 371 2068 450 2124; x_wconf 87' lang='lat' dir='ltr'>At</span> <span class='ocrx_word' id='word_1_139' title='bbox 476 2067 665 2124; x_wconf 89' lang='lat' dir='ltr'>levem</span> <span class='ocrx_word' id='word_1_140' title='bbox 696 2065 964 2143; x_wconf 86' lang='lat' dir='ltr'>clypeum</span> <span class='ocrx_word' id='word_1_141' title='bbox 993 2064 1229 2123; x_wconf 88' lang='lat' dir='ltr'>sublatis</span> <span class='ocrx_word' id='word_1_142' title='bbox 1257 2065 1524 2122; x_wconf 89' lang='lat' dir='ltr'>cornibus</span> <span class='ocrx_word' id='word_1_143' title='bbox 1554 2064 1619 2121; x_wconf 95' lang='lat' dir='ltr'>Io</span> <span class='ocrx_word' id='word_1_144' title='bbox 1957 2085 1961 2089; x_wconf 91' lang='lat'>·</span> <span class='ocrx_word' id='word_1_145' title='bbox 2285 2104 2293 2112; x_wconf 83' lang='lat'>-</span> 
     </span>
     <span class='ocr_line' id='line_1_23' title="bbox 369 2139 2324 2222; baseline -0.004 -19"><span class='ocrx_word' id='word_1_146' title='bbox 369 2145 527 2203; x_wconf 87' lang='lat' dir='ltr'>Auro</span> <span class='ocrx_word' id='word_1_147' title='bbox 555 2144 881 2221; x_wconf 88' lang='lat' dir='ltr'>insignibat,</span> <span class='ocrx_word' id='word_1_148' title='bbox 903 2145 1025 2222; x_wconf 91' lang='lat' dir='ltr'>jam</span> <span class='ocrx_word' id='word_1_149' title='bbox 1055 2143 1190 2201; x_wconf 88' lang='lat' dir='ltr'>setis</span> <span class='ocrx_word' id='word_1_150' title='bbox 1218 2143 1421 2219; x_wconf 88' lang='lat' dir='ltr'>obsita,</span> <span class='ocrx_word' id='word_1_151' title='bbox 1442 2145 1565 2221; x_wconf 87' lang='lat' dir='ltr'>jam</span> <span class='ocrx_word' id='word_1_152' title='bbox 1591 2142 1715 2217; x_wconf 89' lang='lat' dir='ltr'>bos,</span> <span class='ocrx_word' id='word_1_153' title='bbox 2207 2139 2324 2196; x_wconf 76' lang='lat'>⁰790</span> 
     </span>
     <span class='ocr_line' id='line_1_24' title="bbox 370 2221 1925 2299; baseline -0.003 -18"><span class='ocrx_word' id='word_1_154' title='bbox 370 2225 789 2299; x_wconf 83' lang='lat' dir='ltr'>Argumentum</span> <span class='ocrx_word' id='word_1_155' title='bbox 815 2222 1038 2298; x_wconf 88' lang='lat' dir='ltr'>ingens,</span> <span class='ocrx_word' id='word_1_156' title='bbox 1067 2231 1126 2280; x_wconf 88' lang='lat' dir='ltr'>et</span> <span class='ocrx_word' id='word_1_157' title='bbox 1151 2228 1342 2280; x_wconf 77' lang='lat' dir='ltr'>custos</span> <span class='ocrx_word' id='word_1_158' title='bbox 1367 2221 1602 2297; x_wconf 84' lang='lat' dir='ltr'>virginis</span> <span class='ocrx_word' id='word_1_159' title='bbox 1629 2223 1836 2296; x_wconf 85' lang='lat' dir='ltr'>Argus,</span> <span class='ocrx_word' id='word_1_160' title='bbox 1921 2284 1925 2289; x_wconf 52' lang='grc'><strong>,</strong></span> 
     </span>
     <span class='ocr_line' id='line_1_25' title="bbox 370 2298 1888 2378; baseline -0.003 -18"><span class='ocrx_word' id='word_1_161' title='bbox 370 2302 703 2378; x_wconf 71' lang='lat' dir='ltr'>Caelataque</span> <span class='ocrx_word' id='word_1_162' title='bbox 731 2300 957 2359; x_wconf 83' lang='lat' dir='ltr'>am&#39;nem</span> <span class='ocrx_word' id='word_1_163' title='bbox 987 2300 1234 2358; x_wconf 80' lang='lat' dir='ltr'>fundens</span> <span class='ocrx_word' id='word_1_164' title='bbox 1260 2306 1424 2378; x_wconf 84' lang='lat' dir='ltr'>pater</span> <span class='ocrx_word' id='word_1_165' title='bbox 1450 2299 1700 2357; x_wconf 81' lang='lat' dir='ltr'>Inachus</span> <span class='ocrx_word' id='word_1_166' title='bbox 1727 2298 1888 2355; x_wconf 65' lang='lat' dir='ltr'>urna.</span> 
     </span>
     <span class='ocr_line' id='line_1_26' title="bbox 373 2377 1824 2457; baseline -0.003 -19"><span class='ocrx_word' id='word_1_167' title='bbox 373 2379 700 2457; x_wconf 81' lang='lat' dir='ltr'>Insequitur</span> <span class='ocrx_word' id='word_1_168' title='bbox 724 2379 951 2438; x_wconf 79' lang='lat' dir='ltr'>nimbus</span> <span class='ocrx_word' id='word_1_169' title='bbox 977 2380 1260 2456; x_wconf 85' lang='lat' dir='ltr'>peditum,</span> <span class='ocrx_word' id='word_1_170' title='bbox 1289 2378 1663 2455; x_wconf 84' lang='lat' dir='ltr'>clypeataque</span> <span class='ocrx_word' id='word_1_171' title='bbox 1690 2377 1824 2434; x_wconf 90' lang='lat' dir='ltr'>totis</span> 
     </span>
     <span class='ocr_line' id='line_1_27' title="bbox 371 2453 2332 2535; baseline -0.003 -19"><span class='ocrx_word' id='word_1_172' title='bbox 371 2460 619 2534; x_wconf 81' lang='lat' dir='ltr'>Agmina</span> <span class='ocrx_word' id='word_1_173' title='bbox 636 2459 948 2515; x_wconf 89' lang='lat' dir='ltr'>densentur</span> <span class='ocrx_word' id='word_1_174' title='bbox 974 2458 1208 2535; x_wconf 60' lang='lat' dir='ltr'>campis,</span> <span class='ocrx_word' id='word_1_175' title='bbox 1237 2457 1565 2532; x_wconf 87' lang='lat' dir='ltr'>Argivaque</span> <span class='ocrx_word' id='word_1_176' title='bbox 1591 2453 1793 2533; x_wconf 77' lang='lat' dir='ltr'>pubeS‚</span> <span class='ocrx_word' id='word_1_177' title='bbox 2325 2522 2332 2529; x_wconf 93' lang='lat'><em>.</em></span> 
     </span>
     <span class='ocr_line' id='line_1_28' title="bbox 371 2531 2325 2612; baseline -0.004 -18"><span class='ocrx_word' id='word_1_178' title='bbox 371 2537 775 2612; x_wconf 61' lang='lat' dir='ltr'>Auruncaeque</span> <span class='ocrx_word' id='word_1_179' title='bbox 801 2554 1025 2610; x_wconf 88' lang='lat' dir='ltr'>manus,</span> <span class='ocrx_word' id='word_1_180' title='bbox 1054 2535 1279 2610; x_wconf 87' lang='lat' dir='ltr'>Rutuli,</span> <span class='ocrx_word' id='word_1_181' title='bbox 1300 2545 1643 2609; x_wconf 89' lang='lat' dir='ltr'>veteresque</span> <span class='ocrx_word' id='word_1_182' title='bbox 1671 2531 1889 2608; x_wconf 86' lang='lat' dir='ltr'>Sicani,</span> <span class='ocrx_word' id='word_1_183' title='bbox 2207 2531 2325 2588; x_wconf 74' lang='lat'>⁰⁷95</span> 
     </span>
     <span class='ocr_line' id='line_1_29' title="bbox 372 2609 1651 2691; baseline -0.001 -19"><span class='ocrx_word' id='word_1_184' title='bbox 372 2614 453 2673; x_wconf 91' lang='lat' dir='ltr'>Et</span> <span class='ocrx_word' id='word_1_185' title='bbox 482 2615 745 2672; x_wconf 85' lang='lat' dir='ltr'>Sacranae</span> <span class='ocrx_word' id='word_1_186' title='bbox 776 2615 947 2687; x_wconf 89' lang='lat' dir='ltr'>acies,</span> <span class='ocrx_word' id='word_1_187' title='bbox 977 2622 1036 2672; x_wconf 89' lang='lat' dir='ltr'>et</span> <span class='ocrx_word' id='word_1_188' title='bbox 1058 2614 1199 2691; x_wconf 89' lang='lat' dir='ltr'>picti</span> <span class='ocrx_word' id='word_1_189' title='bbox 1226 2621 1392 2671; x_wconf 85' lang='lat' dir='ltr'>scuta</span> <span class='ocrx_word' id='word_1_190' title='bbox 1417 2609 1651 2685; x_wconf 87' lang='lat' dir='ltr'>Labici;</span> 
     </span>
     <span class='ocr_line' id='line_1_30' title="bbox 371 2690 1864 2769; baseline -0.002 -19"><span class='ocrx_word' id='word_1_191' title='bbox 371 2692 492 2762; x_wconf 76' lang='lat' dir='ltr'>Qui</span> <span class='ocrx_word' id='word_1_192' title='bbox 521 2693 718 2767; x_wconf 87' lang='lat' dir='ltr'>saltus,</span> <span class='ocrx_word' id='word_1_193' title='bbox 746 2691 1045 2768; x_wconf 85' lang='lat' dir='ltr'>Tiberine,</span> <span class='ocrx_word' id='word_1_194' title='bbox 1073 2701 1222 2767; x_wconf 87' lang='lat' dir='ltr'>tuos,</span> <span class='ocrx_word' id='word_1_195' title='bbox 1253 2711 1595 2769; x_wconf 88' lang='lat' dir='ltr'>sacrumque</span> <span class='ocrx_word' id='word_1_196' title='bbox 1623 2690 1864 2750; x_wconf 89' lang='lat' dir='ltr'>Numici</span> 
     </span>
     <span class='ocr_line' id='line_1_31' title="bbox 372 2768 1942 2846; baseline 0.001 -20"><span class='ocrx_word' id='word_1_197' title='bbox 372 2770 560 2828; x_wconf 90' lang='lat' dir='ltr'>Littus</span> <span class='ocrx_word' id='word_1_198' title='bbox 588 2777 763 2845; x_wconf 87' lang='lat' dir='ltr'>arant,</span> <span class='ocrx_word' id='word_1_199' title='bbox 792 2768 1155 2846; x_wconf 87' lang='lat' dir='ltr'>Rutulosque</span> <span class='ocrx_word' id='word_1_200' title='bbox 1183 2778 1457 2828; x_wconf 84' lang='lat' dir='ltr'>exercent</span> <span class='ocrx_word' id='word_1_201' title='bbox 1483 2789 1715 2827; x_wconf 86' lang='lat' dir='ltr'>vomere</span> <span class='ocrx_word' id='word_1_202' title='bbox 1744 2768 1942 2844; x_wconf 90' lang='lat' dir='ltr'>colles,</span> 
     </span>
     <span class='ocr_line' id='line_1_32' title="bbox 370 2847 1968 2939; baseline 0.001 -35"><span class='ocrx_word' id='word_1_203' title='bbox 370 2847 771 2926; x_wconf 69' lang='lat' dir='ltr'>Circaeumque</span> <span class='ocrx_word' id='word_1_204' title='bbox 790 2849 997 2939; x_wconf 78' lang='lat' dir='ltr'>jugum</span> <span class='ocrx_word' id='word_1_205' title='bbox 1017 2867 1043 2921; x_wconf 35' lang='lat'>;„</span> <span class='ocrx_word' id='word_1_206' title='bbox 1078 2849 1241 2922; x_wconf 90' lang='lat' dir='ltr'>queis</span> <span class='ocrx_word' id='word_1_207' title='bbox 1266 2849 1492 2924; x_wconf 89' lang='lat' dir='ltr'>Jupiter</span> <span class='ocrx_word' id='word_1_208' title='bbox 1517 2851 1791 2906; x_wconf 87' lang='lat' dir='ltr'>Anxurus</span> <span class='ocrx_word' id='word_1_209' title='bbox 1820 2847 1968 2905; x_wconf 86' lang='lat' dir='ltr'>arvis</span> 
     </span>
     <span class='ocr_line' id='line_1_33' title="bbox 375 2923 2322 3000; baseline 0.001 -19"><span class='ocrx_word' id='word_1_210' title='bbox 375 2923 668 3000; x_wconf 75' lang='lat' dir='ltr'>Praesidet,</span> <span class='ocrx_word' id='word_1_211' title='bbox 698 2931 756 2983; x_wconf 89' lang='lat' dir='ltr'>et</span> <span class='ocrx_word' id='word_1_212' title='bbox 779 2924 949 2982; x_wconf 82' lang='lat' dir='ltr'>vindi</span> <span class='ocrx_word' id='word_1_213' title='bbox 977 2926 1232 2999; x_wconf 85' lang='lat' dir='ltr'>gaudens</span> <span class='ocrx_word' id='word_1_214' title='bbox 1259 2926 1510 2982; x_wconf 79' lang='lat' dir='ltr'>Feronia</span> <span class='ocrx_word' id='word_1_215' title='bbox 1535 2926 1667 2982; x_wconf 88' lang='lat' dir='ltr'>luco</span> <span class='ocrx_word' id='word_1_216' title='bbox 1690 2945 1706 2997; x_wconf 91' lang='lat'>;</span> <span class='ocrx_word' id='word_1_217' title='bbox 2204 2928 2322 2983; x_wconf 77' lang='lat'>800</span> 
     </span>
     <span class='ocr_line' id='line_1_34' title="bbox 376 3001 1948 3081; baseline -0.001 -21"><span class='ocrx_word' id='word_1_218' title='bbox 376 3003 508 3074; x_wconf 67' lang='lat' dir='ltr'>Qua</span> <span class='ocrx_word' id='word_1_219' title='bbox 539 3004 756 3061; x_wconf 82' lang='lat' dir='ltr'>Saturae</span> <span class='ocrx_word' id='word_1_220' title='bbox 773 3003 934 3081; x_wconf 90' lang='lat' dir='ltr'>jacet</span> <span class='ocrx_word' id='word_1_221' title='bbox 961 3008 1077 3057; x_wconf 89' lang='lat' dir='ltr'>atra</span> <span class='ocrx_word' id='word_1_222' title='bbox 1101 3002 1284 3078; x_wconf 86' lang='lat' dir='ltr'>palus,</span> <span class='ocrx_word' id='word_1_223' title='bbox 1313 3001 1648 3078; x_wconf 81' lang='lat' dir='ltr'>gelidusque</span> <span class='ocrx_word' id='word_1_224' title='bbox 1674 3021 1779 3079; x_wconf 87' lang='lat' dir='ltr'>per</span> <span class='ocrx_word' id='word_1_225' title='bbox 1802 3001 1948 3059; x_wconf 85' lang='lat' dir='ltr'>imas</span> 
     </span>
     <span class='ocr_line' id='line_1_35' title="bbox 373 3079 1927 3153; baseline -0.001 -16"><span class='ocrx_word' id='word_1_226' title='bbox 373 3081 598 3152; x_wconf 61' lang='lat' dir='ltr'>Quaerit</span> <span class='ocrx_word' id='word_1_227' title='bbox 622 3080 729 3139; x_wconf 89' lang='lat' dir='ltr'>iter</span> <span class='ocrx_word' id='word_1_228' title='bbox 754 3079 934 3138; x_wconf 86' lang='lat' dir='ltr'>valles</span> <span class='ocrx_word' id='word_1_229' title='bbox 958 3085 1129 3153; x_wconf 81' lang='lat' dir='ltr'>atque</span> <span class='ocrx_word' id='word_1_230' title='bbox 1155 3079 1214 3136; x_wconf 90' lang='lat' dir='ltr'>in</span> <span class='ocrx_word' id='word_1_231' title='bbox 1251 3098 1406 3136; x_wconf 89' lang='lat' dir='ltr'>mare</span> <span class='ocrx_word' id='word_1_232' title='bbox 1435 3081 1696 3137; x_wconf 87' lang='lat' dir='ltr'>conditur</span> <span class='ocrx_word' id='word_1_233' title='bbox 1722 3080 1927 3139; x_wconf 85' lang='lat' dir='ltr'>Ufens.</span> 
     </span>
    </p>

    <p class='ocr_par' dir='ltr' id='par_1_4' title="bbox 370 3155 2321 3942">
     <span class='ocr_line' id='line_1_36' title="bbox 453 3155 1869 3235; baseline -0.003 -18"><span class='ocrx_word' id='word_1_234' title='bbox 453 3160 579 3217; x_wconf 91' lang='lat' dir='ltr'>Hos</span> <span class='ocrx_word' id='word_1_235' title='bbox 606 3178 775 3235; x_wconf 90' lang='lat' dir='ltr'>super</span> <span class='ocrx_word' id='word_1_236' title='bbox 801 3155 1277 3215; x_wconf 71' lang='lat' dir='ltr'>advenitVolscfi.</span> <span class='ocrx_word' id='word_1_237' title='bbox 1304 3158 1376 3214; x_wconf 85' lang='lat' dir='ltr'>de</span> <span class='ocrx_word' id='word_1_238' title='bbox 1405 3166 1576 3233; x_wconf 85' lang='lat' dir='ltr'>gente</span> <span class='ocrx_word' id='word_1_239' title='bbox 1605 3157 1869 3233; x_wconf 86' lang='lat' dir='ltr'>Camilla,</span> 
     </span>
     <span class='ocr_line' id='line_1_37' title="bbox 373 3235 1940 3313; baseline -0.001 -20"><span class='ocrx_word' id='word_1_240' title='bbox 373 3237 597 3313; x_wconf 82' lang='lat' dir='ltr'>Agmen</span> <span class='ocrx_word' id='word_1_241' title='bbox 629 3236 1112 3312; x_wconf 16' lang='lat' dir='ltr'>agensnequitum,</span> <span class='ocrx_word' id='word_1_242' title='bbox 1145 3243 1203 3292; x_wconf 90' lang='lat' dir='ltr'>et</span> <span class='ocrx_word' id='word_1_243' title='bbox 1228 3235 1496 3293; x_wconf 85' lang='lat' dir='ltr'>florentes</span> <span class='ocrx_word' id='word_1_244' title='bbox 1524 3255 1636 3293; x_wconf 83' lang='lat' dir='ltr'>aere</span> <span class='ocrx_word' id='word_1_245' title='bbox 1664 3244 1940 3309; x_wconf 73' lang='lat' dir='ltr'>catervae,</span> 
     </span>
     <span class='ocr_line' id='line_1_38' title="bbox 372 3312 2321 3372; baseline -0.001 0"><span class='ocrx_word' id='word_1_246' title='bbox 372 3314 683 3372; x_wconf 87' lang='lat' dir='ltr'>Bellatrix:</span> <span class='ocrx_word' id='word_1_247' title='bbox 727 3334 841 3371; x_wconf 90' lang='lat' dir='ltr'>non</span> <span class='ocrx_word' id='word_1_248' title='bbox 869 3313 968 3371; x_wconf 91' lang='lat' dir='ltr'>illa</span> <span class='ocrx_word' id='word_1_249' title='bbox 993 3313 1121 3370; x_wconf 93' lang='lat' dir='ltr'>colo</span> <span class='ocrx_word' id='word_1_250' title='bbox 1149 3312 1460 3371; x_wconf 86' lang='lat' dir='ltr'>calathisve</span> <span class='ocrx_word' id='word_1_251' title='bbox 1487 3314 1772 3371; x_wconf 84' lang='lat' dir='ltr'>Minervae</span> <span class='ocrx_word' id='word_1_252' title='bbox 2205 3316 2321 3371; x_wconf 76' lang='lat'>805</span> 
     </span>
     <span class='ocr_line' id='line_1_39' title="bbox 373 3392 1783 3467; baseline -0.003 -17"><span class='ocrx_word' id='word_1_253' title='bbox 373 3393 704 3450; x_wconf 86' lang='lat' dir='ltr'>Foemineas</span> <span class='ocrx_word' id='word_1_254' title='bbox 731 3400 959 3449; x_wconf 86' lang='lat' dir='ltr'>assueta</span> <span class='ocrx_word' id='word_1_255' title='bbox 985 3411 1221 3465; x_wconf 83' lang='lat' dir='ltr'>manus3</span> <span class='ocrx_word' id='word_1_256' title='bbox 1267 3392 1368 3448; x_wconf 91' lang='lat' dir='ltr'>sed</span> <span class='ocrx_word' id='word_1_257' title='bbox 1395 3392 1596 3467; x_wconf 84' lang='lat' dir='ltr'>proelia</span> <span class='ocrx_word' id='word_1_258' title='bbox 1622 3392 1783 3466; x_wconf 86' lang='lat' dir='ltr'>virgo</span> 
     </span>
     <span class='ocr_line' id='line_1_40' title="bbox 372 3470 1871 3548; baseline -0.003 -21"><span class='ocrx_word' id='word_1_259' title='bbox 372 3470 537 3528; x_wconf 90' lang='lat' dir='ltr'>Dura</span> <span class='ocrx_word' id='word_1_260' title='bbox 560 3471 698 3548; x_wconf 83' lang='lat' dir='ltr'>pati,</span> <span class='ocrx_word' id='word_1_261' title='bbox 727 3489 1010 3545; x_wconf 86' lang='lat' dir='ltr'>cursuque</span> <span class='ocrx_word' id='word_1_262' title='bbox 1036 3471 1252 3546; x_wconf 88' lang='lat' dir='ltr'>pedum</span> <span class='ocrx_word' id='word_1_263' title='bbox 1278 3479 1624 3547; x_wconf 68' lang='lat' dir='ltr'>praevertere</span> <span class='ocrx_word' id='word_1_264' title='bbox 1648 3476 1871 3525; x_wconf 85' lang='lat' dir='ltr'>ventos.</span> 
     </span>
     <span class='ocr_line' id='line_1_41' title="bbox 373 3547 1721 3626; baseline -0.001 -21"><span class='ocrx_word' id='word_1_265' title='bbox 373 3548 482 3605; x_wconf 88' lang='lat' dir='ltr'>Illa</span> <span class='ocrx_word' id='word_1_266' title='bbox 506 3549 600 3607; x_wconf 89' lang='lat' dir='ltr'>vel</span> <span class='ocrx_word' id='word_1_267' title='bbox 628 3550 857 3608; x_wconf 79' lang='lat' dir='ltr'>intactae</span> <span class='ocrx_word' id='word_1_268' title='bbox 886 3548 1105 3624; x_wconf 83' lang='lat' dir='ltr'>segetis·</span> <span class='ocrx_word' id='word_1_269' title='bbox 1123 3566 1478 3626; x_wconf 83' lang='lat' dir='ltr'>persumma</span> <span class='ocrx_word' id='word_1_270' title='bbox 1502 3547 1721 3604; x_wconf 85' lang='lat' dir='ltr'>volaret</span> 
     </span>
     <span class='ocr_line' id='line_1_42' title="bbox 371 3625 2078 3702; baseline -0.002 -18"><span class='ocrx_word' id='word_1_271' title='bbox 371 3626 665 3702; x_wconf 86' lang='lat' dir='ltr'>Gramina,</span> <span class='ocrx_word' id='word_1_272' title='bbox 694 3646 804 3685; x_wconf 89' lang='lat' dir='ltr'>nec</span> <span class='ocrx_word' id='word_1_273' title='bbox 831 3635 1054 3685; x_wconf 85' lang='lat' dir='ltr'>teneras</span> <span class='ocrx_word' id='word_1_274' title='bbox 1082 3646 1255 3685; x_wconf 89' lang='lat' dir='ltr'>cursu</span> <span class='ocrx_word' id='word_1_275' title='bbox 1283 3626 1527 3684; x_wconf 75' lang='lat' dir='ltr'>laesisset</span> <span class='ocrx_word' id='word_1_276' title='bbox 1555 3625 1783 3683; x_wconf 84' lang='lat' dir='ltr'>aristas:</span> <span class='ocrx_word' id='word_1_277' title='bbox 2071 3678 2078 3687; x_wconf 83' lang='grc'><em>,</em></span> 
     </span>
     <span class='ocr_line' id='line_1_43' title="bbox 370 3702 2321 3781; baseline -0.001 -20"><span class='ocrx_word' id='word_1_278' title='bbox 370 3703 486 3762; x_wconf 86' lang='lat' dir='ltr'>Vel</span> <span class='ocrx_word' id='word_1_279' title='bbox 517 3725 670 3763; x_wconf 89' lang='lat' dir='ltr'>mare</span> <span class='ocrx_word' id='word_1_280' title='bbox 697 3724 802 3781; x_wconf 90' lang='lat' dir='ltr'>per</span> <span class='ocrx_word' id='word_1_281' title='bbox 827 3705 1101 3779; x_wconf 85' lang='lat' dir='ltr'>medium,</span> <span class='ocrx_word' id='word_1_282' title='bbox 1129 3705 1307 3763; x_wconf 89' lang='lat' dir='ltr'>fluctu</span> <span class='ocrx_word' id='word_1_283' title='bbox 1337 3724 1614 3781; x_wconf 86' lang='lat' dir='ltr'>suspensa</span> <span class='ocrx_word' id='word_1_284' title='bbox 1639 3702 1902 3779; x_wconf 89' lang='lat' dir='ltr'>tumenti,</span> <span class='ocrx_word' id='word_1_285' title='bbox 2206 3706 2321 3760; x_wconf 88' lang='grc'>810</span> 
     </span>
     <span class='ocr_line' id='line_1_44' title="bbox 371 3781 1908 3859; baseline 0.001 -18"><span class='ocrx_word' id='word_1_286' title='bbox 371 3782 577 3843; x_wconf 84' lang='lat' dir='ltr'>Ferret</span> <span class='ocrx_word' id='word_1_287' title='bbox 603 3785 728 3856; x_wconf 88' lang='lat' dir='ltr'>iter,</span> <span class='ocrx_word' id='word_1_288' title='bbox 758 3784 977 3840; x_wconf 89' lang='lat' dir='ltr'>celeres</span> <span class='ocrx_word' id='word_1_289' title='bbox 1005 3801 1113 3840; x_wconf 92' lang='lat' dir='ltr'>nec</span> <span class='ocrx_word' id='word_1_290' title='bbox 1140 3785 1386 3859; x_wconf 86' lang='lat' dir='ltr'>tingeret</span> <span class='ocrx_word' id='word_1_291' title='bbox 1414 3803 1641 3859; x_wconf 84' lang='lat' dir='ltr'>oequore</span> <span class='ocrx_word' id='word_1_292' title='bbox 1668 3781 1908 3858; x_wconf 86' lang='lat' dir='ltr'>plantas.</span> 
     </span>
     <span class='ocr_line' id='line_1_45' title="bbox 372 3860 1748 3942; baseline 0.001 -22"><span class='ocrx_word' id='word_1_293' title='bbox 372 3860 539 3922; x_wconf 84' lang='lat' dir='ltr'>Illam</span> <span class='ocrx_word' id='word_1_294' title='bbox 571 3861 756 3923; x_wconf 81' lang='lat' dir='ltr'>omnis</span> <span class='ocrx_word' id='word_1_295' title='bbox 783 3861 949 3921; x_wconf 88' lang='lat' dir='ltr'>tectis</span> <span class='ocrx_word' id='word_1_296' title='bbox 978 3860 1237 3937; x_wconf 85' lang='lat' dir='ltr'>agrisque</span> <span class='ocrx_word' id='word_1_297' title='bbox 1266 3861 1452 3921; x_wconf 80' lang='lat' dir='ltr'>effusa</span> <span class='ocrx_word' id='word_1_298' title='bbox 1468 3864 1748 3942; x_wconf 84' lang='lat' dir='ltr'>juventus</span> 
     </span>
    </p>
   </div>
  </div>
 </body>
</html>
