2717 4300
1152 326 1389 383 LIBER
1429 329 1526 384 VI.

343 471 478 532 Nec
505 492 624 531 non
655 471 875 532 AEneas
902 492 1079 552 opera
1105 476 1256 535 inter
1281 476 1420 535 talia
1444 474 1689 555 primus'

345 552 625 610 Hortatur
651 553 859 627 socios,
886 553 1239 631 paribusque
1269 557 1586 633 accingitur
1613 557 1816 615 armis:

342 632 536 707 Atque
565 631 691 688 haec
714 631 838 707 ipse
865 649 969 688 suo
995 633 1140 691 tristi
1166 652 1298 690 cum
1328 634 1501 691 corde
1529 634 1769 711 volutat,

344 710 706 786 Adspectans
734 709 937 767 silvam
965 709 1327 786 immensam,
1359 720 1418 770 et
1438 712 1520 769 sic
1546 732 1696 771 voce
1722 722 1989 791 precatur
2012 737 2026 773 τ

347 788 410 845 Si
436 807 594 845 nunc
622 806 685 846 se
711 787 879 845 nobis
905 787 1004 845 ille
1034 808 1241 847 aureus
1270 790 1469 848 arbore
1496 809 1687 849 ramus

345 866 628 924 Ostendat
654 884 892 924 nemore
920 866 1196 925 intanto!
1242 869 1473 944 quando
1502 870 1695 929 omnia
1721 867 1879 948 vere,

343 943 518 1001 Heu!
561 941 807 1001 nimium
835 944 909 1002 de
936 952 994 1003 te
1021 953 1210 1022 vates,
1232 946 1487 1021 Misene,
1515 946 1709 1006 locuta
1735 955 1839 1006 est.

342 1019 465 1080 Vix
492 1041 564 1080 ea
586 1021 735 1080 fatus
763 1030 900 1098 erat,
931 1021 1185 1098 geminae'
1210 1043 1386 1102 quum
1418 1023 1561 1084 forte
1591 1027 1876 1085 columbae

343 1099 480 1177 Ipsa
508 1100 614 1158 sub
643 1119 742 1159 ora
766 1101 876 1157 viri
903 1102 1050 1160 coelo
1078 1101 1293 1161 venere
1320 1104 1603 1179 volantes,

343 1178 427 1238 Et
451 1179 621 1237 viridi
648 1176 852 1237 sedere
880 1179 1021 1237 solo.
1105 1181 1260 1238 Tum
1288 1183 1580 1239 maximus
1606 1182 1778 1240 heros

343 1257 638 1314 Maternus
667 1257 928 1333 agnoscit
953 1258 1420 1336 aves51aetusque
1448 1269 1745 1337 precatur:

343 1334 490 1393 Este
517 1335 714 1410 duces,
747 1355 801 1410 o,
831 1335 882 1393 si
909 1356 1023 1413 qua
1045 1337 1142 1394 via
1167 1346 1275 1412 est,
1306 1357 1651 1415 cursumque
1676 1357 1782 1416 per
1808 1357 1973 1398 auras

343 1413 590 1490 Dirigite
617 1413 679 1471 in
706 1414 869 1472 lucos
895 1414 997 1473 ubi
1022 1415 1302 1492 pinguem
1330 1410 1494 1474 dives
1522 1425 1726 1494 opacat

342 1492 564 1550 Remus
592 1492 848 1550 humum.
933 1493 1162 1571 Tuque,
1191 1513 1246 1569 o,
1276 1494 1468 1553 dubiis
1495 1514 1571 1552 ne
1598 1495 1784 1553 defice
1810 1495 2000 1572 rebus,

342 1570 496 1628 Diva
521 1587 747 1647 parens.
833 1571 930 1629 Sic
958 1571 1185 1648 effatus,
1213 1572 1460 1668 vestigia
1483 1574 1710 1651 pressit,

344 1648 673 1707 Observans
701 1668 831 1727 quae
862 1651 1026 1727 signa
1049 1650 1253 1725 ferant,
1284 1671 1400 1728 quo
1428 1652 1668 1710 tendere
1694 1662 1953 1730 pergant.

342 1726 658 1784 Pascentes
685 1727 799 1785 inae
827 1725 1049 1787 tantum
1074 1730 1303 1806 prodire
1328 1731 1577 1788 volando
1948 1792 1957 1795 ,

346 1802 643 1876 Quantum
669 1807 794 1863 acie
820 1815 1056 1883 possent
1082 1808 1238 1864 oculi
1265 1826 1493 1867 servare
1521 1808 1884 1885 sequentum.

345 1884 509 1959 lude,
540 1884 642 1941 ubi
669 1883 884 1942 venere
913 1886 986 1944 ad
1011 1885 1210 1945 fauces
1238 1886 1620 1962 graveolentis
1646 1887 1884 1962 Averni,

343 1962 581 2020 Tollunt
608 1981 670 2021 se
698 1963 952 2038 celeres3
994 1962 1394 2043 liquidumque
1420 1984 1526 2042 per
1552 1968 1686 2023 aera
1710 1965 1906 2042 lapsae,

346 2040 595 2098 Sedibus
624 2042 829 2118 optatis
857 2043 1103 2118 geminas
1132 2058 1307 2120 super
1333 2044 1531 2102 arbore
1560 2043 1770 2119 sidunt,

344 2118 614 2178 Discolor
640 2119 794 2179 unde
823 2122 945 2179 auri
970 2140 1075 2199 per
1100 2140 1288 2180 ramos
1318 2141 1457 2181 aura
1482 2121 1717 2184 refulsit.

347 2199 535 2270 Quale
564 2200 709 2258 solet
735 2199 895 2257 silvis
920 2200 1168 2257 brumali
1192 2199 1403 2275 frigore
1430 2201 1657 2258 viscum

343 2277 574 2336 Fronde
600 2279 784 2336 virere
811 2279 982 2353 nova,
1012 2279 1166 2355 quod
1192 2298 1309 2335 non
1339 2298 1446 2337 sua
1471 2279 1717 2357 seminat
1743 2278 1926 2354 arbos,

346 2357 425 2414 Et
451 2376 653 2414 croceo
680 2357 821 2415 foetu
849 2365 1061 2416 teretes
1089 2357 1444 2416 circumdare
1472 2365 1707 2415 truncos
1732 2377 1746 2414 ε

343 2434 504 2493 Talis
532 2443 652 2492 erat
676 2436 900 2512 species
928 2437 1050 2496 auri
1075 2436 1394 2494 frondentis
1422 2436 1608 2514 opaca
1704 2511 1709 2515 ᾗ
1787 2437 1793 2444 ’

345 2514 486 2572 Ilice
508 2513 650 2586 ;”sic
678 2513 797 2572 leni
824 2513 1139 2591 crepitabat
1162 2515 1397 2573 bractea
1420 2523 1612 2573 vento.

344 2592 597 2668 Corripit
622 2592 844 2651 AEneas
872 2594 1184 2671 extemplo,
1216 2594 1535 2672 avidusque
1561 2593 1819 2670 refringit

344 2671 750 2746 Cunctantem,
782 2680 842 2730 et
864 2673 1012 2731 vatis
1037 2680 1224 2750 portat
1245 2672 1351 2732 sub
1379 2670 1540 2732 tecta'
1562 2672 1818 2750 Sibyllae.

421 2750 484 2807 N
485 2768 553 2807 ec
582 2747 774 2807 minus
798 2750 1019 2809 interea
1050 2752 1346 2810 Misenum
1375 2753 1436 2810 in
1464 2752 1655 2810 littore
1683 2752 1898 2810 Teucri

343 2827 609 2901 Flebant,
640 2835 698 2886 et
724 2828 902 2888 cineri
929 2830 1150 2905 ingrato
1178 2850 1449 2909 suprema
1473 2829 1752 2890 ferebant.

345 2905 639 2983 Principio
664 2907 942 2983 pinguem
969 2908 1136 2966 taedis
1162 2916 1221 2966 et
1245 2909 1449 2966 robore
1477 2917 1634 2967 secto

347 2984 647 3060 Ingentem
676 2984 936 3044 struxere
1005 3003 1163 3061 yram
1186 3005 1203 3058 ;
1246 2987 1342 3044 cui
1368 2987 1663 3045 frondibus
1691 2986 1825 3046 atris

347 3062 622 3122 lntexunt
646 3064 841 3140 latera,
872 3073 931 3124 et
979 3062 1161 3121 erales
1190 3062 1321 3124 ante
1351 3084 1651 3142 cupressos

346 3142 738 3219 constituunt,
767 3144 1153 3219 decorantque
1181 3139 1354 3220 super
1381 3143 1732 3219 fulgentibus
1760 3144 1950 3201 armis.

344 3219 486 3278 Pars
514 3221 730 3279 calidos
756 3222 956 3288 latices
985 3229 1044 3279 et
1070 3221 1258 3280 ahena
1282 3222 1559 3280 undantia
1582 3222 1828 3281 flammis

345 3299 706 3377 Expediunt,
736 3319 1055 3378 corpusque
1081 3300 1275 3359 lavant
1299 3299 1558 3377 frigentis
1586 3311 1645 3360 et
1667 3306 1914 3377 ungunt.

344 3378 445 3437 Fit
469 3377 757 3455 gemitus:
802 3388 922 3438 tum
949 3378 1209 3437 membra
1234 3388 1358 3438 toro
1388 3380 1597 3439 defleta
1621 3387 1945 3456 reponunt3

343 3456 787 3535 Purpureasque
814 3457 988 3537 super
1012 3466 1222 3534 vesteS,
1251 3458 1541 3516 velamina
1566 3465 1719 3533 nota,

347 3536 698 3615 Conjiciunt.
781 3538 923 3596 Pars
948 3538 1169 3614 ingenti
1197 3535 1427 3596 subiere
1453 3536 1679 3612 feretro,

347 3616 540 3675 Triste
566 3617 970 3695 ministerium,
1000 3626 1060 3675 et
1085 3617 1402 3696 subjectam
1430 3633 1589 3673 more
1615 3612 1915 3693 parentum

353 3696 555 3754 Aversi
582 3693 823 3754 tenuere
850 3696 1037 3754 facem
1061 3716 1075 3753 ε
1120 3703 1398 3772 congesta
1423 3702 1748 3753 cremantur

350 3775 587 3833 Thurea
614 3774 784 3849 dona,
813 3775 1010 3852 dapes,
1039 3774 1164 3832 fuso
1193 3783 1444 3833 crateres
1471 3773 1642 3831 olivo.

349 3852 664 3930 Postquam
691 3853 930 3931 collapsi
958 3853 1201 3928 cineres,
1229 3861 1291 3911 et
1315 3852 1549 3911 flamma
1573 3850 1812 3929 quievit,

670 3937 742 3990 15
764 3933 798 3965 ⁴*

2219 337 2327 394 1⁷3

2204 647 2317 701 185

2166 1022 2314 1089 '190

2202 1423 2313 1477 195

2193 1814 2310 1867 200

2193 2205 2310 2260 205

2193 2595 2309 2654 210

2192 2989 2308 3044 215

2192 3381 2310 3436 220

2193 3772 2311 3825 226
