2717 4300
1297 267 1531 330 LIBER
1568 269 1613 325 1.

433 414 611 475 Unde
637 415 754 475 huc
781 415 1030 491 advecti,
1058 434 1373 493 regemque
1399 418 1666 495 petamus
1686 421 1965 480 Acesten.

431 493 675 553 Talibus
708 495 998 563 Ilioneus:
1030 496 1240 554 ‚cuncti
1267 497 1440 555 simul
1468 516 1566 555 ore
1592 498 1917 558 fremebant
1982 519 2000 533 ·

431 572 803 631 Dardanidae.

512 651 667 710 Tum
695 652 946 711 breviter
970 652 1149 727 Dido,
1177 651 1403 710 vultum
1432 653 1701 729 demissa,
1729 654 2017 732 profatur:

434 729 655 788 Solvite
682 731 855 789 corde
884 716 1121 805 mestum,
1152 731 1402 804 Teucri;
1446 732 1726 791 secludite
1753 751 1937 795 curas.

432 807 556 865 Res
584 810 725 867 dura
751 819 809 871 et
835 809 1004 890 regni·
1023 810 1371 875 novitasme
1399 811 1534 868 talia
1560 820 1779 887 cogunt

432 886 651 962 Moliri,
682 897 740 946 et
773 886 886 946 late
916 888 1063 946 fines
1091 889 1334 947 custode
1361 889 1527 947 tueri.

432 965 582 1036 Quis
611 986 793 1042 genus
820 967 1175 1041 AEneadum,
1205 967 1337 1043 quis
1364 962 1556 1045 Trojae
1581 967 1802 1026 neseiat
1828 966 2056 1046 urbem,

432 1043 828 1121 virtutesque,
856 1046 1147 1121 virosque,
1177 1054 1277 1104 aut
1301 1045 1445 1104 tanti
1471 1047 1743 1103 incendia
1768 1045 1948 1105 belli?

432 1123 492 1180 N
498 1143 571 1180 on
600 1125 805 1182 obtusa
831 1122 976 1182 adeo
1007 1135 1296 1200 gestamus
1323 1133 1559 1202 pectora
1583 1124 1791 1198 Poeni3

431 1200 563 1270 Nec
592 1212 707 1269 tam
736 1222 970 1261 aversus
997 1220 1176 1278 equos
1205 1200 1386 1278 Tyrift
1410 1202 1497 1260 sol
1517 1204 1711 1280 jungit
1737 1203 1808 1260 ab
1838 1203 1997 1261 urbe.

432 1282 552 1337 Seu
580 1301 684 1338 vos
712 1282 1353 1358 Hesperiamtmagnam
1386 1280 1765 1356 Saturniaque
1794 1300 1949 1356 arva,

434 1361 570 1417 Sive
599 1360 804 1436 Erycis
834 1361 980 1417 fines
1010 1369 1322 1434 regemque
1352 1359 1563 1435 optatis
1583 1359 1861 1435 Acesten,

429 1439 666 1496 Auxilio
694 1448 847 1496 tutos
875 1437 1181 1512 dimittam,
1210 1437 1534 1514 opibusque
1554 1436 1793 1515 juvabo.

430 1516 622 1575 Vultis
650 1525 708 1575 et
735 1517 827 1576 his
853 1535 1087 1574 mecum
1111 1516 1324 1593 pariter
1352 1515 1650 1575 considere
1677 1517 1915 1592 regnis?

429 1596 652 1655 Urbem
681 1614 854 1671 quam
883 1604 1069 1653 statuo
1097 1604 1288 1653 vestra
1314 1603 1437 1655 est:
1482 1593 1789 1653 subducite
1817 1613 2030 1654 naves:

427 1673 576 1732 Tros
606 1674 930 1751 Tyriusque
959 1673 1103 1739 mihi
1130 1674 1292 1731 nullo
1320 1673 1652 1731 discrimine
1683 1682 1899 1750 agetur.

427 1758 620 1830 Atque
648 1753 866 1811 utinam
894 1772 997 1810 rex
1023 1753 1148 1829 ipse
1175 1753 1333 1811 Noto
1363 1751 1693 1830 compulsus
1721 1753 1928 1812 eodem

424 1833 652 1904 Afforet
677 1832 930 1889 AEneas!
976 1832 1268 1907 Equidem
1294 1850 1398 1907 per
1423 1830 1614 1890 littora
1638 1840 1824 1890 certos

428 1911 750 1984 Dimittam,
778 1919 838 1968 et
863 1910 1065 1986 Libyae
1093 1909 1330 1968 lustrare
1358 1917 1619 1967 extrema
1636 1909 1880 1987 jubebo,

427 1989 493 2047 Si
519 1990 727 2066 quibus
754 1991 971 2066 ejectus
997 1989 1159 2047 silvis
1186 1996 1284 2047 aut
1309 1987 1546 2046 urbibus
1573 1996 1738 2046 errat.
1786 2046 1789 2049 .

506 2068 618 2127 His
646 2068 901 2125 animum
928 2069 1130 2125 arrecti
1148 2067 1337 2142 dictis,
1369 2074 1430 2124 et
1453 2064 1614 2123 sortis
1640 2065 1898 2125 Achates

427 2146 510 2204 Et
534 2156 695 2224 pater
719 2146 941 2204 AEneas
961 2145 1304 2224 jamdudum
1326 2163 1627 2220 erumpere
1657 2144 1877 2203 nubem

425 2226 739 2284 Ardebant.
821 2225 988 2282 Prior
1012 2224 1247 2282 AEnean
1274 2222 1591 2298 compellat
1620 2221 1912 2280 Achates:

426 2304 581 2363 Nate
609 2305 738 2380 dea,
765 2322 898 2380 quae
925 2321 1081 2360 nunc
1112 2302 1307 2359 animo
1335 2299 1624 2359 sententia
1649 2300 1870 2374 surgit?

427 2383 640 2441 Omnia
666 2391 794 2441 tuta·
816 2382 1000 2455 vides,
1028 2380 1291 2455 classem,
1322 2379 1626 2455 sociosque
1648 2384 1936 2454 receptos.

426 2461 598 2520 Unus
626 2461 807 2535 abest,
837 2461 1030 2518 medio
1058 2460 1118 2517 in
1145 2459 1327 2517 fluctu
1355 2476 1531 2534 quem
1557 2455 1812 2514 vidimus
1837 2455 1951 2533 ipsi

427 2541 842 2598 Submersum:
887 2538 1057 2596 dictis
1084 2538 1439 2614 respondent
1464 2544 1674 2593 eaetera
1699 2535 1913 2594 matris.

424 2618 546 2676 Vix
574 2638 646 2676 en
669 2617 821 2676 satus
848 2626 987 2693 orat,
1016 2635 1192 2692 quum
1222 2612 1570 2674 circumfusa
1597 2610 1835 2690 repente

426 2697 651 2755 Scindit
678 2715 742 2754 se
767 2696 972 2772 nubes,
1001 2705 1060 2754 et
1084 2696 1144 2752 in
1174 2694 1391 2753 aethera
1415 2699 1620 2770 purgat
1647 2700 1928 2767 apertum.
1978 2752 1991 2759 ,

422 2775 662 2834 Restitit
689 2775 930 2849 AEneas,
958 2774 1225 2849 claraque
1252 2773 1311 2829 in
1341 2772 1472 2829 luce
1500 2770 1740 2845 refulsit,

425 2854 509 2913 Os
536 2855 920 2930 humerosque
947 2854 1058 2910 deo
1085 2852 1326 2909 similis:
1370 2868 1620 2926 namque
1647 2847 1775 2926 ipsa
1799 2848 2073 2909 decoram

425 2934 739 2991 Caesarie-m
768 2940 902 2990 nato
932 2930 1554 3006 genetrixylumenque
1575 2929 1834 3005 juventae
1871 2963 1878 2974 ι

425 3011 802 3088 Purpureum,
830 3019 890 3068 et
915 3009 1079 3066 loetos
1107 3006 1287 3065 oculis
1316 3005 1534 3065 afflarat
1558 3005 1825 3063 honores.

428 3090 617 3163 Quale
645 3109 848 3147 manus
876 3089 1096 3146 addunt
1122 3085 1282 3143 ebori
1310 3085 1528 3157 decus;
1571 3092 1671 3142 aut
1698 3083 1799 3142 ubi
1824 3082 1975 3143 flavo

423 3171 762 3244 Argentum,
790 3167 1069 3226 Pariusve
1096 3164 1260 3240 lapis,
1291 3162 1676 3220 circumdatur
1700 3182 1856 3221 auro.

497 3249 660 3304 Tum
690 3247 773 3304 sic
800 3246 1052 3320 reginam
1084 3242 1411 3319 alloquitur,
1439 3241 1780 3317 cunctisque
1808 3233 2046 3315 repent&

426 3326 777 3403 Improvisus
805 3325 919 3382 ait:
965 3320 1200 3396 Cotem,
1230 3340 1404 3398 quem
1429 3319 1705 3397 quaeritiS,
1735 3317 1939 3376 adsum

422 3405 637 3462 Troius
664 3404 906 3477 AEneaS‚
937 3401 1172 3478 Libycis
1201 3407 1433 3476 ereptus
1461 3398 1533 3456 ab
1562 3397 1753 3455 undis.

423 3483 477 3541 Ο
506 3482 630 3541 sola
654 3482 919 3540 infandos
947 3481 1141 3559 Trojae
1169 3479 1440 3537 miserata
1465 3475 1712 3550 labores,

424 3562 574 3634 Quae
602 3581 728 3636 nos,
757 3559 1027 3636 reliquias
1055 3557 1344 3630 Danaum,
1373 3563 1674 3630 terraeque,
1703 3549 2010 3630 marisque,

422 3640 714 3699 Omnibus
741 3640 1052 3700 exhaustos
1072 3640 1195 3714 jam
1224 3634 1472 3708 casibuS,
1501 3632 1760 3702 omnium
1789 3650 2025 3709 egenos,

422 3719 603 3792 Urbe,
637 3719 830 3793 domo,
859 3716 1080 3780 socias!
1123 3723 1312 3792 grates
1338 3712 1665 3790 persolvere
1694 3709 1896 3786 dignas

421 3799 564 3860 Non
592 3798 719 3877 opis
746 3805 834 3855 est
859 3804 1088 3870 nostrae,
1119 3795 1295 3869 Dido,
1325 3811 1436 3850 nec
1464 3791 1745 3869 quidquid
1772 3788 1990 3866 ubique
2018 3794 2108 3845 est

2280 583 2402 637 560

2276 970 2397 1028 565

2268 1363 2388 1421 570

2269 1753 2394 1811 575

2271 2927 2395 2985 590

2268 3318 2386 3377 595

2267 3713 2385 3786 ,⁶⁰⁰
