2717 4300
370 307 442 363 10
1086 303 1649 361 wcomconuu

369 552 546 628 Tum,
574 550 768 626 credo,
796 568 974 627 quum
1002 567 1097 607 me
1125 489 1644 608 arffigvtsstgtzhssoe
1671 549 1927 611 Miconis

370 633 560 707 Atque
587 629 744 688 mali
770 631 918 687 vites
944 628 1200 686 incidere
1227 628 1374 686 falce
1402 628 1676 686 novellas.

1193 764 1519 803 namma-as.

378 828 487 884 Aut
514 823 612 883 hic
641 825 712 883 ad
738 834 964 905 veteres
989 823 1170 900 fagos,
1199 844 1377 900 quum
1404 823 1731 903 Daphnidis
1758 843 1953 884 arcum

370 903 619 978 Fregisti
647 912 707 962 et
732 903 1022 976 calamos3
1065 921 1194 979 quae
1221 911 1302 978 tu,
1331 922 1599 980 perverse
1626 903 1917 980 Menalca,

373 982 469 1057 Et,
498 1001 672 1058 quum
700 981 896 1040 vidisti
921 1000 1100 1058 puero
1128 982 1356 1055 donata,
1387 980 1660 1055 doleba83

368 1060 468 1136 Et,
497 1061 544 1118 si
575 1079 691 1118 non
719 1059 909 1137 aliqua
936 1059 1251 1134 nocuisses»,
1280 1068 1537 1118 mortuus
1564 1079 1740 1119 esses.

1182 1192 1519 1235 namu-cas.

371 1257 531 1328 Quid
558 1257 779 1315 domini
805 1257 1036 1329 faciant,
1067 1256 1281 1313 audent
1308 1275 1483 1331 quum
1511 1255 1647 1315 talia
1672 1255 1871 1316 fures?

368 1337 429 1394 N
432 1355 508 1393 on
537 1354 645 1411 ego
673 1344 731 1394 te
757 1335 878 1393 vidi
908 1334 1211 1408 DamoniS,
1239 1335 1510 1410 pessime,
1539 1354 1773 1412 caprum

370 1415 666 1491 Excipere
693 1410 937 1487 insidiis,
967 1410 1208 1470 multum
1238 1413 1477 1470 latrante
1505 1415 1748 1489 Lycisca
1772 1416 1797 1471 ?

368 1492 452 1551 Et
478 1512 652 1570 quum
681 1492 1007 1565 clamarem,
1052 1493 1090 1524 “
1112 1488 1245 1560 Quo
1273 1508 1430 1547 nunc
1461 1510 1526 1548 se
1551 1492 1789 1568 proripit
1814 1491 1959 1550 ille?

369 1571 590 1648 Tityre,
619 1589 769 1646 coge
795 1588 974 1647 pecus
995 1571 1059 1642 ;’'
1099 1576 1158 1626 tu
1187 1566 1318 1645 po‘st
1342 1577 1568 1626 carecta
1593 1569 1826 1627 latebas.

1190 1704 1517 1744 nanim-ras.

368 1768 463 1826 An
492 1765 655 1840 mihi,
683 1766 966 1825 cantando
992 1765 1196 1839 victuS,
1225 1783 1341 1821 non
1372 1766 1637 1824 redderet
1663 1765 1783 1843 ille,
1833 1816 1840 1823 .

373 1845 565 1916 Quem
593 1863 724 1902 mea
750 1843 1101 1903 carminibus
1129 1843 1431 1901 meruisset
1458 1843 1666 1919 fistula,
1694 1849 1972 1922 caprum?
2000 1908 2007 1914 ,

378 1924 442 1981 Si
470 1923 678 1997 nesciS,
708 1942 871 1980 meus
898 1921 996 1980 ille
1024 1940 1195 1999 caper
1220 1920 1363 1995 suit;
1408 1930 1466 1981 et
1491 1923 1635 1980 mihi
1661 1923 1922 1993 Damon,

372 2001 507 2080 Ipse
534 2001 834 2076 fatebatur,
863 2001 966 2058 sed
993 2001 1234 2058 reddere
1259 2020 1432 2077 posse
1459 2001 1724 2077 negabat.

370 2198 673 2257 Cantando
700 2205 760 2257 tu
788 2197 971 2255 illum.
1002 2238 1018 2253 .
1050 2238 1065 2254 .
1098 2197 1123 2254 ?
1165 2136 1543 2276 3323&
1571 2198 1677 2258 tibi
1703 2199 1894 2260 fistula
1918 2203 2052 2263 ceri

368 2278 580 2335 Juncta
605 2276 713 2335 fuit
739 2279 763 2334 ?
803 2295 919 2334 non
947 2284 1010 2334 tu
1038 2276 1098 2333 in
1125 2276 1327 2351 triviis„
1357 2277 1608 2352 indocte,
1637 2279 1863 2338 solebas

374 2355 649 2414 Stridenti
676 2354 949 2422 miserum
977 2354 1186 2432 stipula
1214 2355 1544 2433 disperdere
1571 2360 1849 2415 carmen?

1189 2489 1514 2531 mmm-rae.

369 2550 481 2610 Vis
509 2570 664 2627 ergo,
696 2551 848 2610 inter
873 2570 997 2622 nos,
1025 2548 1165 2625 quid
1190 2551 1373 2627 possit
1397 2558 1658 2629 uterque,
1685 2552 1938 2613 vicissim

372 2629 761 2707 Experiamur
781 2632 805 2687 ?
822 2647 955 2703 -ego
982 2627 1132 2686 hanc
1160 2628 1399 2686 vitulam
1436 2630 1540 2705 (ne
1567 2628 1711 2689 forte
1740 2651 1990 2712 recuses,

371 2707 478 2765 Bis
505 2708 664 2767 venit
691 2708 765 2766 ad
793 2707 1112 2780 mulctram,
1142 2705 1308 2765 binos
1335 2708 1436 2765 alit
1461 2708 1638 2767 ubere
1666 2709 1865 2791 foetus)

372 2786 621 2863 Depone
645 2805 660 2843 τ
703 2794 766 2843 tu
793 2786 906 2860 dic,
937 2804 1164 2844 mecum
1190 2804 1305 2862 quo
1331 2787 1570 2863 pignore
1598 2800 1801 2848 certes.

1178 2922 1517 2963 maxumas·

371 2982 471 3039 De
495 3000 667 3057 grege
694 3000 809 3038 non
839 2981 1022 3039 ausim
1050 2981 1359 3062 quidquam
1389 2983 1681 3061 deponere
1705 2993 1898 3046 tecum
1921 3008 1935 3047 :

371 3060 484 3117 Est
509 3060 652 3118 mihi
679 3078 928 3136 namque
957 3061 1111 3117 domi
1140 3070 1318 3137 pater,
1348 3071 1438 3121 est
1464 3064 1675 3142 injusta
1703 3084 2012 3141 novercas

370 3138 590 3231 Bisque
617 3139 715 3197 die
742 3147 1045 3197 numerant
1072 3139 1240 3197 ambo
1268 3160 1466 3217 pecuS,
1496 3142 1639 3201 alter
1663 3152 1720 3202 et
1746 3143 1963 3203 haedos.

370 3216 613 3292 Verum,
642 3218 699 3275 id
730 3218 883 3295 quod
910 3216 1090 3277 multo
1120 3227 1240 3276 tute
1269 3220 1394 3296 ipse
1421 3220 1674 3279 fatebere
1701 3224 1906 3302 majus,

373 3296 633 3354 Insanire
660 3296 803 3355 libet
829 3297 1097 3374 quoniam
1125 3298 1248 3371 tibi,
1275 3300 1486 3375 pocula
1510 3319 1720 3376 ponam

372 3374 616 3449 Fagina,
646 3376 907 3434 caelatum
938 3376 1118 3434 divini
1147 3396 1291 3453 opus
1317 3377 1778 3451 Alcimedontis;

371 3453 561 3513 Lenta
586 3452 799 3529 quibus
825 3462 987 3512 torno
1015 3454 1165 3513 sacili
1195 3456 1559 3532 superaddita
1584 3456 1716 3515 vitis

371 3530 632 3590 Diffusos
659 3530 876 3590 hedera
900 3534 1076 3591 vestit
1100 3534 1350 3609 pallente
1379 3533 1699 3611 corymbos.

373 3611 443 3669 ln
462 3610 675 3667 'medio
694 3610 809 3668 duo
837 3609 1036 3684 signa:
1079 3612 1308 3688 Conon,
1337 3621 1397 3671 et
1423 3655 1438 3669 .
1470 3654 1486 3669 .
1517 3654 1532 3670 .
1565 3613 1693 3689 quis
1719 3612 1827 3673 suit
1853 3612 2013 3693 alter,

370 3688 695 3765 Descripsit
720 3688 880 3746 radio
905 3697 1088 3755 totum
1117 3690 1214 3765 qui
1243 3690 1510 3766 gentibus
1536 3692 1734 3750 orbem
1761 3712 1779 3765 3

372 3768 665 3843 Tempora
689 3786 818 3842 quae
844 3784 1079 3838 messor,
1109 3787 1237 3843 qnae
1265 3788 1472 3827 curvus
1501 3781 1683 3829 arator
1709 3771 1991 3834 haberet?

371 3846 643 3907 Necdum
671 3846 786 3905 illis
810 3845 971 3904 labra
996 3846 1244 3923 admovi,
1273 3849 1376 3907 sed
1404 3850 1636 3909 condita
1661 3870 1843 3910 servo.

2262 557 2331 614 1⁰

2259 1066 2331 1118 15

2254 1574 2332 1628 20

2254 2210 2331 2264 25

2246 3229 2327 3286 35

2249 3619 2330 3677 4⁰
