2717 4300
1097 270 1106 282 ·
1217 283 1453 339 mesa
1488 284 1589 339 ιν.
2308 286 2382 345 78
2415 362 2426 371 ,

423 432 505 494 Et
535 433 751 492 circum
778 432 947 509 pictis
970 431 1201 491 vehitur
1217 451 1492 491 suarura
1516 431 1728 508 seselis,

424 514 676 590 Quaque
703 510 1042 587 pharetratae
1071 511 1283 568 vicinia
1308 511 1563 568 Persidis
1589 519 1773 587 urget,
2262 514 2380 571 290

424 592 507 649 Et
530 590 775 648 viridem
800 589 1124 665 AEgyptum
1153 589 1316 663 nigra
1342 588 1636 649 soecundat
1662 587 1856 664 areni,

424 669 507 726 Et
532 666 757 725 diversa
782 685 959 725 ruens
983 674 1204 742 septem
1233 666 1500 724 discurrit
1523 668 1584 723 in
1611 686 1711 724 ora

426 746 626 823 Usque
653 745 917 803 coloratis
944 744 1129 802 amnis
1156 745 1417 805 devexus
1444 744 1515 802 ab
1546 744 1726 820 Indis,

427 823 633 882 Omnis
660 823 718 881 in
749 822 860 880 bac
890 832 1106 883 certam
1137 824 1292 898 regio
1310 823 1457 900 jacit
1482 831 1599 881 arte
1626 823 1889 881 salutem.

424 902 695 978 Exiguus
722 896 991 976 primum,
1021 910 1191 977 atque
1218 902 1374 977 ipsos
1400 910 1724 958 contractus
1750 900 1823 958 ad
1850 918 2011 976 usus,
2261 904 2378 959 295

424 980 676 1056 Eligitur
699 980 862 1038 locus
886 997 901 1035 t
943 978 1102 1036 hunc
1129 979 1468 1054 angustique
1495 977 1732 1037 imbrice
1758 978 1899 1037 tecti

426 1058 863 1135 Parietibusque
887 1065 1158 1133 premunt
1183 1058 1390 1128 arctis3
1433 1065 1493 1115 et
1517 1065 1760 1134 quatuor
1784 1056 2020 1132 addunt,

429 1137 695 1207 Quatuor
719 1153 754 1193 a
778 1136 967 1193 ventis
992 1132 1226 1213 obliqua
1253 1135 1388 1193 luce
1414 1134 1709 1193 fenestras.

427 1213 579 1271 Tum
606 1212 837 1287 vitulus,
865 1213 1023 1271 bima.
1050 1232 1294 1271 curvans
1312 1216 1436 1290 jam
1464 1232 1679 1270 cornua
1704 1214 1908 1288 fronte,

428 1293 754 1363 Quaeritur:
796 1292 939 1350 huic
967 1292 1216 1366 geminae
1244 1310 1410 1348 nares
1438 1299 1496 1348 et
1521 1291 1755 1367 spiritus
1782 1291 1896 1348 oris
2258 1296 2374 1355 300

425 1371 616 1428 Multa
642 1371 943 1429 reluctanti
969 1369 1244 1443 obsuitur,
1270 1369 1568 1445 plagisque
1588 1376 1887 1445 perempto

426 1449 625 1507 'Punsa
646 1468 753 1525 per
777 1449 1058 1524 integram
1086 1448 1384 1506 solvuntur
1411 1446 1632 1505 viscera
1656 1447 1890 1524 pellem.

427 1527 524 1584 Sic
549 1527 802 1603 positum
830 1527 890 1584 in
918 1527 1116 1585 clauso
1145 1527 1451 1604 linquunt3
1493 1535 1553 1585 et
1578 1542 1772 1584 ramea
1795 1525 1972 1586 costis

427 1605 756 1684 Suinciunt
780 1606 1114 1681 fragmenta,
1144 1605 1430 1682 thymum,
1459 1606 1757 1682 casiasque
1785 1614 2065 1665 recentes.

425 1683 559 1740 Hoc
586 1684 817 1760 geritur,
845 1683 1111 1760 zephyris
1179 1680 1388 1741 timum
1416 1683 1846 1760 impellentibus
1873 1686 2074 1760 undas,
2108 1689 2128 1708 ‘
2258 1690 2374 1744 3022

424 1760 577 1823 Ante
607 1762 772 1820 novis
799 1763 1039 1822 rubeant
1064 1782 1141 1839 qu
1181 1782 1239 1820 m
1268 1771 1431 1839 prata
1455 1762 1762 1836 coloribus,
1791 1760 1924 1821 ante

426 1840 667 1898 Garrula
691 1838 865 1918 quam
893 1841 1064 1916 tignis
1093 1841 1290 1898 nidum
1318 1841 1631 1917 suspendat
1656 1840 1919 1899 hirundo.

426 1917 655 1977 Interea
677 1918 889 1977 teneris
915 1918 1234 1995 tepefactus
1262 1920 1321 1976 in
1349 1917 1575 1978 ossibus
1602 1919 1811 1977 humor

423 1997 694 2070 AEstuat3
737 2006 798 2056 et
821 1997 1060 2055 visenda
1085 1998 1270 2055 modis
1299 1998 1569 2069 animalia
1595 1998 1771 2076 miris,

425 2075 660 2133 Trunca
685 2076 901 2152 pedum
926 2072 1137 2153 primo,
1165 2096 1302 2133 mox
1330 2084 1392 2134 et
1415 2076 1711 2135 stridentia
1735 2075 1962 2155 pennis,
2087 2124 2102 2133 .
2261 2079 2376 2134 310

424 2154 767 2229 Miscentur,
796 2164 1145 2231 tenuemque
1174 2152 1358 2231 magis
1383 2152 1571 2230 magis
1603 2159 1737 2213 aera
1762 2165 2043 2233 carpunt:

424 2233 651 2308 Donec,
681 2243 743 2293 ut
768 2234 981 2293 oestivis
1009 2233 1506 2298 effusus‘nubibus
1531 2232 1736 2308 imber,

425 2310 727 2389 Empere3
768 2321 869 2371 aut
894 2321 961 2371 ut
986 2331 1163 2369 nervo
1188 2312 1455 2388 pulsante
1483 2312 1721 2387 sagittae,

424 2389 618 2448 Prima
644 2391 803 2449 leves
829 2392 1034 2449 ineunt
1058 2391 1108 2448 si
1135 2389 1366 2468 quando
1392 2389 1598 2466 proelia
1623 2389 1840 2448 Parthi.

504 2469 653 2540 Quis
680 2470 824 2527 deus
851 2468 1020 2543 hanc,
1049 2470 1269 2542 Musae,
1293 2469 1422 2544 quis
1448 2467 1615 2526 nobis
1642 2468 1868 2527 extudit
1893 2475 2071 2526 artem
2094 2471 2117 2527 ?
2261 2472 2373 2530 315

424 2546 599 2607 Unde
625 2567 777 2608 nova
802 2547 1092 2623 ingressus
1119 2545 1422 2606 hominum
1452 2547 1808 2624 experientia
1833 2547 2036 2625 cepit?

501 2625 705 2684 Pastor
729 2626 1027 2700 Aristaeus,
1054 2626 1282 2702 fugiens
1310 2626 1533 2685 Peneia
1559 2626 1808 2703 Tempe,

423 2704 688 2779 Amissis,
717 2712 782 2762 ut
805 2702 975 2778 sama,
1003 2704 1206 2780 apibus
1232 2704 1548 2780 morboque
1574 2705 1860 2783 fameque,

424 2782 630 2841 Tristis
657 2784 728 2841 ad
755 2783 1011 2841 extremi
1026 2802 1252 2841 sacrum
1282 2792 1459 2859 caput
1485 2783 1701 2842 adstitit
1724 2783 1931 2858 amnis,

424 2861 616 2920 Multa
641 2880 908 2938 querens,
937 2870 1109 2937 atque
1136 2861 1246 2920 hac
1274 2861 1480 2920 affatus
1507 2880 1653 2919 voce
1681 2872 1978 2938 parentem
2005 2881 2020 2919 t
2258 2866 2374 2924 320

423 2939 634 3014 Mater,
665 2940 893 3016 Cyrene
921 2951 1119 3014 mater,
1149 2959 1276 3016 quae
1305 2940 1545 3015 gurgitis
1572 2939 1746 3017 hujus

426 3016 555 3076 lma
580 3027 760 3093 tenes,
789 3017 928 3095 quid
957 3036 1052 3077 me
1122 3017 1356 3075 raeclara
1385 3018 1561 3094 stirpe
1588 3018 1827 3076 deorum

432 3095 455 3171 (
465 3096 527 3153 Si
556 3093 748 3171 modo,
777 3116 947 3173 quem
968 3114 1081 3172 -per
1122 3095 1266 3168 ibes,
1295 3104 1455 3172 pater
1482 3105 1570 3154 est
1594 3095 1982 3172 Thymbraeus
2007 3095 2251 3175 Apollo)

424 3175 681 3233 Invisum
709 3175 837 3236 satis
861 3174 1153 3251 genuisti?
1195 3183 1296 3231 aut
1319 3171 1436 3249 quo
1465 3175 1567 3232 tibi
1596 3176 1772 3232 nostri

422 3252 633 3311 Pulsus
661 3257 861 3311 amor?
903 3253 1039 3330 quid
1068 3270 1166 3311 me
1194 3251 1408 3310 coelum
1435 3271 1663 3329 sperare
1682 3251 1980 3331 jubebas?
2258 3256 2374 3316 320

422 3331 518 3391 En
548 3333 717 3390 etiam
746 3331 903 3390 hunc
930 3333 1118 3408 ipsum
1147 3331 1278 3388 vitae
1307 3331 1560 3389 mortalis
1587 3330 1887 3404 honorem,

423 3410 618 3480 Quem
648 3410 786 3468 mihi
818 3411 917 3468 vix
942 3410 1171 3486 frugum
1201 3418 1260 3467 et
1285 3409 1578 3485 pecudum
1607 3407 1870 3465 custodia
1894 3407 2073 3468 solers

422 3488 635 3548 Omnia
662 3490 902 3548 tentanti
928 3490 1246 3561 extuderat,
1275 3496 1334 3545 te
1361 3496 1563 3561 matre,
1591 3485 1869 3562 relinquo.

421 3567 583 3637 Quin
612 3587 736 3642 age,
765 3576 824 3625 et
848 3567 975 3645 ipsa
1000 3586 1175 3625 manu
1205 3566 1404 3624 felices
1432 3584 1571 3623 erue
1598 3564 1789 3641 silvas,

419 3644 537 3704 Fer
561 3646 800 3704 stabulis
825 3646 1127 3704 inimicum
1156 3646 1373 3722 ignem,
1404 3653 1572 3720 atque
1599 3644 1862 3718 interfice
1888 3663 2127 3722 messes,
2259 3647 2380 3709 330,

419 3724 541 3785 Ure
570 3733 712 3799 sata,
742 3733 803 3783 et
824 3725 1074 3782 validam
1103 3724 1161 3782 in
1191 3724 1337 3782 vites
1367 3723 1567 3781 molire
1594 3722 1930 3800 bipennem,

419 3802 609 3862 Tanta
633 3821 782 3861 meae
811 3802 860 3937 s'i
885 3811 943 3860 te
969 3812 1247 3880 ceperunt
1269 3802 1443 3861 tae-dia
1469 3801 1671 3860 laudis.
