2717 4300
309 253 399 313 44.
1030 252 1601 345 GEORGICORUM

310 400 531 463 Felicis
558 402 716 497 mali,
745 423 862 482 quo
890 422 1006 462 non
1032 405 1378 500 praesentius
1393 405 1602 480 ullum,
1677 408 1683 414 ’

310 482 534 541 Pocula
560 483 609 541 si
637 483 869 560 quando
896 502 1068 541 saevae
1096 481 1352 541 infecere
1379 503 1670 560 novercae,

319 560 832 638 [Miscueruntque
859 561 1067 631 herbas
1095 569 1155 619 et
1179 580 1295 618 non
1318 562 1558 620 innoxia
1582 525 1805 641 ve'rba]

222 676 229 683 ι
309 639 616 698 Auxilium
638 639 818 714 venit,
849 658 917 696 ac
947 620 1220 697 membris
1247 640 1367 715 agit
1390 649 1513 698 atra
1536 660 1781 700 venena.

312 717 492 793 Ipsa
471 732 685 809 ingens
713 718 901 793 arboS,
928 717 1258 812 faciemque
1283 718 1579 777 simillima
1604 719 1802 778 lauro·
1784 763 1804 794 ,

310 796 425 871 Et,-
439 797 489 853 si
516 815 631 853 non
662 796 838 853 alium
865 793 979 858 late
1001 799 1248 874 jactaret
1273 797 1532 872 odorem,

310 874 540 931 Laurus
568 882 722 932 erat:
764 873 904 932 folia
929 875 1087 935 haud
1113 875 1250 933 ullis
1274 875 1531 933 labentia
1553 877 1776 935 ventis·
1760 918 1779 950 ,

310 952 450 1009 Flos
480 954 745 1029 apprimo,
770 961 983 1010 tenax:
1030 954 1254 1011 animas
1282 961 1342 1011 et
1368 953 1586 1012 olentia
1610 955 1779 1012 Medi

313 1031 431 1088 Ora
456 1030 656 1088 fovent
681 1030 799 1105 illo,
829 1039 890 1088 et
914 1032 1155 1089 senibus
1182 1032 1547 1090 medicantur
1573 1033 1815 1096 anhelis.

224 1116 235 1121 ‘
392 1110 510 1167 Sed
537 1128 727 1186 neque
756 1108 1091 1184 Medorum,
1123 1111 1285 1189 silvae
1315 1109 1619 1186 ditissima,
1647 1120 1817 1187 terra,

310 1186 374 1245 N
377 1206 444 1245 ec
472 1187 719 1264 pulcher
745 1189 999 1263 GangeS,
1029 1182 1198 1265 atque
1228 1208 1366 1246 auro
1394 1188 1658 1246 turbidus
1685 1191 1966 1265 Hermus,

311 1266 613 1325 Laudibus
642 1266 825 1324 Italiae
859 1276 1114 1339 certent3
1157 1287 1274 1325 non
1303 1268 1536 1341 Bactra,
1565 1286 1757 1344 neque
1786 1270 1938 1342 Indi,

358 1353 581 1425 otaqne
608 1344 897 1403 thuriferis
925 1345 1224 1421 Panchaia
1248 1346 1482 1421 pinguis
1509 1347 1713 1404 arenis·

379 1442 465 1481 aec
502 1425 633 1481 loca
658 1443 775 1481 non
804 1424 952 1481 tauri
979 1424 1261 1500 spirantes
1288 1423 1566 1481 naribus
1549 1443 1745 1497 ignem

313 1493 633 1577 luvel-tere,
664 1501 800 1560 satis
827 1501 1099 1559 immanis
1127 1501 1399 1561 dentibus
1417 1502 1629 1578 hydri·
1613 1544 1630 1574 ‚
1787 1561 1792 1567 ,

312 1579 445 1638 Nec
471 1580 650 1654 galeis
679 1580 988 1655 densisque
1016 1578 1203 1636 virum
1223 1598 1403 1654 seges
1423 1578 1644 1639 horruit
1669 1580 1884 1639 hastis:

315 1658 433 1715 Sed
461 1659 711 1733 gravidae
739 1658 930 1732 fruges
954 1666 1027 1716 et
1045 1656 1269 1716 Bacchi
1295 1658 1587 1716 Massicus
1608 1658 1821 1717 humor

314 1735 681 1813 Implevere3
724 1744 925 1797 tenent
945 1737 1110 1811 olere,
1141 1737 1515 1813 armentaque
1542 1737 1694 1795 laeta.

313 1815 473 1873 Hinc
500 1814 742 1873 bellator
769 1834 959 1891 equus
978 1835 1185 1891 campo
1213 1834 1342 1874 sese
1372 1817 1585 1873 arduus
1612 1815 1817 1888 infert3

313 1894 473 1952 Hinc
502 1893 636 1968 albi,
666 1892 984 1987 Clitumne,
1014 1913 1258 1969 greges,
1267 1902 1326 1952 et
1351 1895 1611 1952 maxima
1635 1902 1835 1953 taurus
1903 1920 1909 1926 ·
1980 1952 1989 1959 ,

311 1972 591 2046 Victima,
622 1990 784 2048 saepe
813 1981 915 2030 tuo
942 1972 1170 2066 perfusi
1189 1973 1435 2031 flumine
1461 1992 1654 2047 sacre,

310 2050 613 2108 Romanos
640 2051 714 2108 ad
726 2051 962 2127 templa
982 2050 1162 2116 deum
1189 2049 1410 2112 duxere
1438 2049 1785 2128 triumphos.

312 2127 432 2188 Hic
459 2150 562 2188 ver
589 2130 907 2205 assiduum,
937 2139 1110 2207 atque
1134 2130 1340 2189 alienis
1369 2129 1668 2189 mensibus
1697 2136 1901 2188 aestas·
1884 2169 1904 2204 ,

312 2208 417 2270 Bis
445 2209 696 2285 gravidae
725 2210 1004 2287 pecudes,
1028 2209 1120 2267 bis
1144 2212 1336 2287 pomis
1366 2210 1525 2269 utilis
1554 2210 1738 2268 arbor.

310 2290 393 2345 At
419 2288 634 2346 rabidae
658 2288 836 2365 tigres
865 2288 1093 2364 absunt,
1123 2298 1182 2347 et
1209 2310 1367 2349 saeva
1391 2290 1629 2348 leonum

315 2366 589 2440 Semina;
632 2387 743 2425 nec
771 2368 1012 2444 miseros
1039 2367 1245 2426 fallunt
1271 2369 1500 2426 aconita
1523 2368 1823 2442 leg'entes;

310 2445 444 2504 Nec
472 2446 620 2523 rapit
646 2447 963 2503 immensos
990 2445 1157 2502 orbes
1184 2465 1292 2523 per
1315 2446 1582 2519 humum,
1611 2462 1803 2536 neque
1829 2449 2008 2503 tanto·

315 2524 684 2600 Squameus'
668 2544 728 2582 ιιι
756 2524 971 2615 spiram
999 2531 1182 2582 tractu
1211 2544 1274 2582 se
1302 2524 1527 2599 colligit
1554 2523 1776 2597 anguis.

232 2617 236 2626 '
311 2603 481 2661 Adde
508 2610 594 2660 tot
620 2602 878 2678 egregias
904 2601 1099 2677 urbeS,
1128 2622 1485 2679 operumque
1513 2602 1791 2678 laborem,

311 2681 430 2739 Tot
455 2689 730 2764 congesta
757 2699 933 2739 manu
961 2682 1267 2759 praeruptis
1294 2681 1513 2758 oppida
1538 2680 1713 2756 saxis,
1757 2727 1760 2732 .

310 2745 701 2835 Fluminaque
726 2759 1011 2836 antiquos
1004 2759 1470 2819 subterlabentia
1493 2778 1709 2817 muros.

310 2839 405 2895 An
436 2857 593 2895 mare
622 2838 776 2914 quod
806 2835 980 2915 supra
1006 2858 1348 2914 memorem,
1378 2839 1646 2917 quodque
1674 2837 1841 2897 alluit
1864 2834 2054 2932 infra?

311 2918 485 2978 Anne
510 2915 674 2975 lacus
702 2919 931 2975 tantos?
972 2926 1052 2993 te,
1081 2917 1216 2976 Lari
1244 2918 1523 2993 maxime,
1551 2925 1746 2994 teque,

310 2995 619 3055 Fluctibus
647 3004 706 3053 et
730 2995 966 3055 fremitu
994 3016 1318 3074 assurgenS,
1347 2997 1603 3071 Benace,
1633 2997 1897 3058 marino?

310 3076 406 3134 An
438 3094 759 3134 memorem
785 3082 1005 3153 portus,
1033 3075 1403 3153 Lucrinoque
1432 3077 1634 3136 addita
1654 3075 1924 3150 claustra,

310 3155 505 3231 Atque
531 3153 893 3231 indignatum
922 3154 1147 3249 magnis
1174 3156 1509 3214 stridoribus
1536 3173 1752 3230 aequor,

311 3176 468 3291 Julqia
493 3233 609 3311 qui
636 3229 1014 3312 ponto-longe
1044 3242 1210 3294 sonat
1224 3235 1396 3311 unda
1422 3235 1632 3307 refuso,

314 3312 767 3389 Tyrrhenusque
792 3313 951 3380 fretis
976 3313 1308 3372 immittitur
1336 3324 1514 3372 aestus
1539 3309 1894 3370 Avernis?-

394 3390 545 3449 Haec
575 3392 780 3462 eadem
808 3392 1030 3469 argenti
1057 3393 1211 3452 rivos
1238 3393 1485 3469 aerisque
1512 3388 1745 3449 metalla

317 3469 586 3528 Ostendit
610 3470 795 3541 venis
825 3481 996 3566 atque
1024 3492 1162 3530 auro
1190 3472 1445 3549 plurima
1467 3469 1654 3528 fluxit.

316 3548 468 3607 Haec
493 3567 675 3623 genus
703 3567 832 3607 acre
859 3550 1068 3623 virum,
1099 3551 1349 3623 MarsoS,
1366 3550 1701 3627 pubemque
1731 3543 2043 3622 Sabellam,

322 3629 752 3704 Assuetumque
779 3626 932 3684 malo
961 3629 1257 3704 Ligurem,
1285 3627 1655 3703 Volscosque
1682 3633 1937 3701 verutos,
2021 3635 2024 3638 ’

318 3706 586 3779 Extulit;
628 3706 757 3765 haec
784 3705 1023 3781 DecioS,
1053 3707 1292 3783 Marios,
1322 3726 1678 3782 magnosque
1706 3704 2008 3822 Camillos,

228 3811 235 3816 ·
320 3786 623 3864 Scipiadas
650 3786 820 3844 duros
846 3783 1021 3862 bello,
1050 3792 1110 3843 et
1135 3794 1213 3863 te,
1241 3787 1499 3844 maxime
1528 3786 1748 3861 Caesar,

2166 648 2280 703 130

2166 1038 2278 1092 135
2363 996 2376 1002 κ

2165 1404 2280 1483 140

2165 1819 2280 1874 145

2167 2213 2278 2270 150

2165 2604 2280 2660 155

2064 2974 2071 2982 ’
2142 3000 2277 3064 iso

2093 3353 2104 3361 ’
2167 3392 2281 3447 165

2166 3782 2288 3841 170
