2717 4300
338 328 464 386 ‘mo
1160 323 1525 386 AENEIDOS

353 477 598 537 Talibus
625 476 873 537 occurrit
899 475 1103 538 dictis:
1128 478 1303 569 iiic,
1322 476 1554 569 Turne,
1579 493 1889 554 sequmnr
2201 480 2317 537 625

354 557 735 634 Trojugenas,
765 558 881 632 qui
906 557 1091 632 prima
1115 556 1275 618 viam
1295 554 1536 612 victoria
1559 555 1818 631 pandit·
1778 596 1798 629 ‚
2275 587 2280 588 ν

356 636 505 693 Sunt
531 635 626 692 alii
653 635 750 711 qui
773 643 926 692 tecta
950 653 1124 691 manu
1150 633 1460 692 defendere
1487 634 1726 709 possint.

358 713 581 788 Ingruit
603 712 826 770 AEneas
855 712 1033 787 Italis,
1063 720 1123 770 et
1146 712 1350 788 proelia
1375 711 1615 772 miscet:
1710 769 1714 776 ,

355 791 439 849 Et
463 810 568 848 nos
595 810 761 852 saeva.
777 809 952 858 manu
979 791 1276 849 mittamus
1301 789 1505 848 funera
1529 789 1792 849 Teucris.

353 869 414 927 N
418 888 485 926 ec
513 886 752 928 numero
778 867 1031 944 inferior,
1058 887 1271 947 pugnae
1298 886 1415 926 nec
1431 868 1680 944 honore,
1702 868 1962 927 recedes.
2199 872 2317 926 630

354 946 590 1004 Turnus
618 947 690 1004 ad
716 947 884 1004 hoee:

354 1024 408 1082 O
436 1044 615 1099 soror,
642 1033 701 1083 et
726 1025 948 1082 dudum
974 1024 1203 1100 agnovi,
1231 1041 1409 1115 quum
1435 1023 1622 1100 prima
1641 1043 1747 1101 per
1772 981 1952 1084 artem

353 1102 603 1161 Foedera
627 1102 887 1177 turbasti,
915 1111 1097 1179 teque
1108 1102 1286 1160 haec‘
1268 1122 1335 1160 ιιι
1358 1097 1518 1162 bella.
1538 1102 1784 1161 dedisti.

334 1180 439 1254 :Et
463 1200 617 1239 nune
640 1182 1027 1258 nequidquam
1053 1180 1220 1255 fallis,
1249 1181 1377 1238 dea.
1463 1180 1582 1238 Sed
1601 1181 1733 1257 quis
1760 1180 2012 1258 Olympo

354 1260 683 1317 Demissam
712 1269 901 1318 tantos
920 1259 1109 1318 voluit
1134 1267 1195 1317 te
1219 1259 1369 1317 ferre
1396 1257 1661 1320 labores?
2201 1263 2317 1316 635

353 1337 450 1395 An
477 1337 662 1396 fratris
688 1339 887 1396 miseri
909 1338 1090 1397 letum
1118 1345 1185 1395 ut
1209 1335 1445 1397 crudele
1470 1337 1742 1396 videres?

355 1415 512 1474 Nam
542 1417 682 1493 quid
710 1419 859 1492 ago?
901 1426 1003 1476 aut
1027 1436 1155 1494 quae
1174 1417 1303 1494 jam
1326 1416 1578 1492 spondet
1601 1415 1829 1474 fortuna
1853 1415 2140 1474 salutem?

355 1494 500 1551 Vidi
529 1495 728 1553 oculos
756 1504 888 1553 ante
906 1495 1053 1571 ipse
1070 1513 1233 1552 meos
1259 1513 1356 1552 me
1386 1512 1531 1552 voce
1558 1502 1861 1553 vocantem

334 1570 717 1648 Murranum,
745 1591 862 1649 quo
889 1591 1009 1630 non
1035 1581 1266 1649 superat
1292 1571 1436 1632 mihi
1462 1572 1644 1630 carior
1671 1572 1830 1646 alter,

355 1649 649 1727 Oppetere
678 1650 992 1725 ingentem,
1022 1659 1193 1740 atque
1220 1649 1442 1725 ingenti
1469 1650 1712 1708 vulnere
1734 1650 1973 1709 victum.
2201 1655 2317 1710 640

356 1727 588 1786 Occidit
613 1727 835 1802 infelix,
864 1747 940 1786 ne
966 1716 1224 1787 nostrum
1245 1728 1499 1786 dedecus
1527 1728 1717 1788 Ufens

354 1807 735 1884 Adspiceret:
778 1807 993 1874 Teucri
1020 1807 1316 1884 potiuntur
1341 1825 1579 1883 corpore
1600 1815 1664 1865 et
1686 1808 1874 1868 armis.

354 1885 714 1944 Exscindine
743 1886 945 1944 domos
968 1884 1057 1964 (id
1088 1885 1259 1944 rebus
1277 1884 1470 1948 defuit
1495 1885 1708 1963 unum)

332 1963 691 2041 'Perpetiari'
733 1966 939 2024 dextra
965 1984 1074 2023 nec
1101 1964 1350 2022 Drancis
1377 1964 1538 2022 dieta
1562 1964 1860 2023 refellam?

354 2043 546 2119 Terga
572 2042 763 2100 dabo?
805 2052 865 2102 et
890 2043 1157 2101 Turnum
1183 2042 1504 2119 fugientem
1531 2043 1660 2101 haec
1687 2052 1837 2102 terre
1860 2044 2122 2103 videbit?
2201 2049 2317 2104 645

312 2180 321 2188 ,
358 2121 556 2198 Usque
585 2119 808 2181 adedne
835 2123 980 2182 mori
1007 2123 1279 2181 miserum
1307 2124 1436 2182 est?
1519 2122 1644 2182 Vos
1671 2142 1707 2181 ο
1733 2123 1898 2200 mihi,
1917 2124 2161 2200 ‚Manes,

355 2201 499 2259 Este
525 2201 681 2275 boni,
710 2202 981 2279 quoniam
1010 2202 1253 2280 Superis
1276 2220 1477 2260 aversa
1504 2202 1784 2261 voluntas.

355 2280 566 2339 Sancta
593 2282 664 2339 ad
689 2300 803 2341 vos
822 2282 1033 2355 anima,
1060 2290 1231 2359 atque
1258 2280 1426 2339 istius
1453 2281 1636 2340 inscia
1661 2281 1869 2359 culpae,

326 2360 742 2434 *Descendarm
773 2380 1109 2436 magnorum
1136 2361 1290 2420 haud
1318 2379 1576 2436 unquam
1604 2360 1874 2435 indignus
1901 2381 2158 2421 avorum.

353 2438 474 2496 Vix
501 2457 571 2495 ea
597 2439 748 2498 satus
775 2448 929 2512 erat;
973 2440 1197 2498 medios
1223 2439 1545 2497 volatecce
1572 2458 1676 2516 per
1701 2440 1897 2499 hostes
2198 2444 2315 2498 650

358 2517 578 2576 Vectus
606 2536 757 2592 equo
785 2519 1335 2594 spumante-Saces‚·
1350 2519 1592 2576 adversa
1616 2518 1822 2592 sagitta

353 2595 598 2657 Saucius
625 2615 757 2669 ora3
800 2597 1047 2673 ruitque,
1074 2597 1386 2672 implorans
1414 2597 1651 2655 nomine
1680 2596 1942 2656 Turnum
1965 2617 1980 2655 ε

351 2673 569 2748 Turne,
597 2674 657 2731 in
686 2684 743 2733 te
772 2692 1037 2750 suprema
1064 2674 1254 2746 salus3
1298 2675 1574 2731 miserere
1598 2682 1848 2734 tuorum.

320 2772 329 2809 ι
352 2751 647 2811 Fulminat
672 2751 895 2810 AEneas
924 2752 1133 2823 armis3
1177 2770 1548 2827 summasque
1575 2752 1823 2813 minatur
2270 2813 2273 2816 ,

353 2831 729 2908 Dejecturum
761 2849 925 2889 arces
942 2831 1179 2904 Italum,
1210 2830 1554 2906 excidioque
1582 2832 1882 2905 daturum3
2021 2886 2026 2891 .
2198 2837 2314 2892 655

349 2909 596 2986 Jamque
623 2909 777 2967 faces
805 2910 1060 2971 adtecta
1084 2910 1313 2971 volant:
1355 2910 1416 2969 in
1447 2921 1504 2969 te
1532 2931 1633 2968 ora
1658 2913 1871 2988 Latini,

351 2989 419 3046 ln
449 2998 506 3048 te
534 2988 732 3047 oculos
758 2988 1045 3049 referunt:
1090 2998 1308 3049 mussat
1334 3009 1438 3048 rex
1464 2989 1590 3066 ipse
1616 2991 1857 3051 Latinus

351 3068 516 3139 Quos
543 3087 783 3145 generos
806 3076 996 3141 vocet,
1026 3079 1127 3128 aut
1152 3089 1280 3145 quae
1307 3088 1436 3127 sese
1465 3071 1535 3127 ad
1563 3066 1779 3130 stedera
1802 3070 2011 3128 flectat.

316 3180 323 3187 ·
349 3148 639 3208 Praeterea
664 3147 881 3224 regina,
909 3148 995 3206 tui
1022 3148 1318 3223 fidissima,
1346 3148 1562 3207 dextra·
2229 3222 2232 3227 μ

351 3227 624 3286 Occidit
607 3246 734 3304 ipsa
759 3228 887 3320 sua,
914 3227 1224 3304 lucemque
1253 3229 1523 3286 exterrita
1548 3226 1708 3302 fugit.
2195 3232 2314 3287 660

348 3306 474 3364 Soli
502 3327 602 3383 pro
628 3306 808 3384 portis
835 3307 1145 3384 Messapus
1173 3315 1232 3365 et
1258 3325 1392 3364 acer
1416 3306 1621 3364 Atinas
1801 3346 1810 3351 -

353 3386 691 3444 Sustentant
707 3385 937 3459 aciem3
952 3386 1206 3444 circum
1220 3385 1327 3444 hos
1353 3386 1638 3460 utrimque
1664 3382 2033 3461 phalanges

353 3464 519 3522 Stant
546 3465 762 3540 densoe,
790 3465 1115 3541 strictisque
1142 3483 1309 3540 seges
1336 3461 1703 3522 mucronibus
1728 3462 1922 3523 horret

313 3560 323 3595 ι
351 3544 597 3602 Ferrea:
641 3550 703 3599 tu
730 3560 958 3602 currum
987 3544 1258 3602 deserto
1243 3563 1299 3601 ιιι
1328 3541 1585 3618 gramine
1613 3560 1805 3602 versas
1829 3544 1843 3600 ἱ

433 3620 746 3697 Obstupuit
768 3622 926 3679 varia
952 3622 1226 3681 confusus
1253 3621 1506 3696 imagine
1533 3638 1723 3678 rerum
2194 3626 2311 3683 665

353 3700 613 3772 Turnus,
642 3706 701 3756 et
726 3697 927 3756 obtutu
955 3700 1129 3758 tacito
1156 3700 1347 3759 stetit.
1391 3705 1594 3757 aestuat
1619 3698 1825 3774 ingens

354 3777 534 3837 Uno'
518 3796 577 3834 ιιι
606 3775 780 3833 corde
805 3777 1012 3851 pudor,
1040 3777 1343 3853 mixtoque
1363 3776 1587 3836 insania
1610 3777 1789 3854 luctu,

356 3855 437 3914 Et
462 3854 622 3912 furiis
649 3853 892 3929 agitatus
917 3873 1097 3929 amor,
1127 3863 1187 3913 et
1211 3854 1465 3913 conscia
1468 3853 1666 3915 virtus.
