2717 4300
344 295 453 359 218
1140 301 1507 394 AENEmos

343 458 490 514 Tres
518 455 714 513 imbris
743 455 871 513 torti
900 453 1104 529 radios,
1133 463 1248 513 tres
1274 453 1444 512 nubis
1473 472 1703 531 aquosae

342 536 717 608 Addiderunt,
748 534 903 590 rutili
928 542 1041 589 tres
1069 532 1218 608 ignis
1247 542 1306 590 et
1333 533 1482 591 alitis
1511 533 1702 591 austri.

341 613 623 688 Fulgores
652 631 805 670 nunc
833 610 1127 687 terrificoS,
1155 612 1545 688 sonitumque,
1572 620 1929 688 metumque,

343 692 673 749 Miscebant
700 691 877 768 operi,
905 690 1264 765 flammisque
1293 689 1641 766 sequacibus
1666 690 1795 748 iras.

344 769 513 828 Parte
543 770 654 827 alia
681 769 859 828 Marti
885 788 1229 845 currumque
1257 778 1526 845 rotasque
1556 769 1816 827 volucres
1955 839 1962 843 ,

345 849 659 923 instabant,
689 848 895 925 quibus
923 846 1021 908 ille
1049 848 1220 923 viros,
1250 847 1457 923 quibus
1487 848 1700 906 excitat
1725 848 1900 906 urbes
1923 866 1937 904 ε

349 926 671 1002 AEgidaque
699 927 1055 1002 horriferam,
1084 926 1322 984 turbatae
1352 926 1606 984 Palladis
1635 946 1809 1002 arma,

340 1005 618 1063 Certatim
647 1006 899 1081 squamis
928 1005 1259 1082 serpentum
1288 1024 1541 1082 auroque
1568 1005 1846 1082 polibant,

342 1083 771 1160 Connexosque
800 1103 1037 1159 angues,
1066 1084 1365 1159 ipsamque
1393 1083 1451 1141 in
1479 1092 1713 1161 pectore
1743 1084 1892 1144 divae

341 1163 631 1237 Gorgona,
661 1162 893 1220 desecto
920 1171 1240 1220 vertentem
1268 1162 1489 1221 lumina
1515 1161 1688 1219 collo.

338 1240 555 1299 Tollite
582 1248 806 1316 cuncta,
835 1241 1040 1317 inquit,
1069 1249 1401 1317 coeptosque
1431 1241 1648 1299 auferte
1676 1240 1926 1316 laboresj'

350 1318 558 1377 AEtnaei
585 1320 893 1397 Cyclopes,
922 1328 980 1376 et
1007 1319 1122 1393 huc
1150 1319 1428 1377 advertite
1456 1328 1730 1377 mentem.

339 1399 519 1455 Arma
546 1398 659 1455 acri
687 1397 949 1456 facienda
975 1398 1134 1469 virot
1178 1418 1332 1456 nunc
1363 1398 1578 1456 viribus
1606 1417 1767 1473 usuS,

343 1476 518 1536 Nunc
545 1475 813 1534 manibus
842 1477 1072 1552 rapidiS,
1102 1477 1258 1534 omni
1286 1495 1443 1534 nunc
1473 1485 1590 1535 arte
1618 1475 1923 1552 magistra:

339 1554 707 1632 Praecipitate
736 1573 939 1612 moras·
1022 1554 1085 1613 N
1087 1574 1155 1612 ec
1184 1555 1351 1631 plura
1378 1554 1621 1613 effatus:
1666 1563 1725 1613 et
1749 1554 1835 1612 illi

342 1630 524 1693 Ocius
552 1631 872 1691 incubuere
899 1634 1473 1714 omnem-pariterque
1503 1630 1758 1691 laborem

343 1711 572 1770 Sortiti:
614 1711 743 1769 fluit
769 1731 847 1768 aes
875 1711 1030 1786 rivis,
1060 1710 1296 1788 aurique
1325 1711 1662 1784 metallum;

340 1788 784 1867 Vulnificusque
812 1789 1052 1866 chalybs
1078 1791 1240 1849 vasta
1268 1790 1501 1849 fornace
1528 1789 1813 1867 liquescit.

346 1867 644 1944 Ingentem
674 1869 940 1946 clypeum
967 1868 1294 1945 informant,
1322 1889 1506 1928 unum
1535 1869 1731 1928 omnia
1756 1876 1954 1930 contra

340 1947 488 2010 Tela
514 1949 886 2020 Latinorum;
931 1956 1314 2024 septenosque
1343 1945 1576 2006 orbibus
1604 1948 1771 2006 orbes

343 2026 710 2103 Impediunt:
756 2026 852 2084 alii
879 2027 1133 2084 ventosis
1160 2026 1393 2090 follibus
1423 2046 1586 2086 auras

339 2104 654 2183 Accipiunt
680 2106 1038 2183 redduntque
1060 2125 1077 2179 3
1120 2105 1217 2165 alii
1245 2105 1544 2165 stridentia
1569 2106 1797 2183 tingunt

339 2184 485 2242 AEra
511 2184 638 2243 lacu
664 2205 677 2242 t
719 2185 900 2262 gemit
924 2186 1207 2263 impositis
1236 2185 1542 2245 incudibus
1570 2195 1811 2244 antrum.

342 2261 435 2319 Illi
462 2262 611 2325 inter
636 2283 764 2323 sese
794 2264 972 2323 multa
999 2265 1058 2322 vi
1085 2265 1318 2323 brachia
1346 2265 1557 2324 tollunt

344 2341 412 2399 ln
440 2343 1134 2421 numerum,’versantque
1164 2345 1352 2403 tenaci
1381 2344 1596 2422 forcipe
1624 2360 1891 2401 massam.
1921 2402 1930 2407 ,

419 2421 569 2480 Haec
595 2431 757 2500 pater
784 2423 994 2481 AEoliis
1021 2432 1288 2500 properat
1314 2424 1452 2481 dum
1482 2420 1762 2481 Lemnius
1790 2420 1926 2497 oris,

342 2498 678 2561 Evandrum
707 2521 782 2560 ex
809 2500 1014 2567 humili
1042 2511 1195 2561 tecto
1222 2502 1327 2560 lux
1354 2502 1593 2560 suscitat
1619 2501 1788 2576 alma,

346 2577 424 2637 Et
449 2580 714 2639 matutini
738 2579 1039 2638 voluerum
1067 2582 1174 2638 sub
1202 2580 1455 2639 culmine
1482 2588 1701 2637 cantus.

340 2656 654 2733 Consurgit
679 2658 889 2732 senior,
918 2658 1229 2735 tunicaque
1257 2658 1549 2716 inducitur
1575 2665 1748 2733 artuS,

341 2734 423 2793 Et
449 2734 754 2810 Tyrrhena
778 2739 992 2812 pedum
1021 2736 1341 2795 circumdat
1367 2737 1601 2796 vincula
1625 2735 1878 2813 plantisu

341 2813 493 2874 Tum
523 2812 685 2871 lateri
714 2822 882 2890 atque
909 2813 1165 2873 humeris
1193 2815 1511 2891 Tegeaeum
1539 2814 1788 2892 subligat
1813 2832 2033 2889 ensem,
2131 2872 2136 2877 ,
2187 2874 2304 2948 460

340 2891 612 2951 Demissa
639 2891 709 2950 ab
738 2892 888 2950 laeva
913 2893 1210 2970 pantherae
1240 2903 1401 2971 terga
1427 2902 1780 2972 retorquens.

339 2969 403 3029 N
405 2988 484 3039 ec,
498 2989 616 3029 non
647 2978 706 3030 et
729 2971 949 3047 gemini
976 2973 1245 3031 custodes
1270 2972 1473 3030 limine
1502 2971 1573 3031 ab
1603 2974 1717 3032 alto
1969 3018 1976 3023 .

340 3049 706 3124 Praecedunt,
736 3069 1110 3128 gressumque
1137 3071 1311 3111 canes
1338 3052 1685 3111 comitantur
1709 3049 1976 3110 herilem.

341 3128 603 3205 Hospitis
630 3128 1067 3191 AEneae.sedem
1095 3137 1154 3188 et
1180 3139 1401 3206 secreta
1424 3130 1676 3208 petebat,

341 3206 687 3265 Sermonum
714 3226 937 3266 memor
963 3217 1021 3268 et
1045 3209 1310 3287 promissi
1338 3209 1613 3284 muneris,
1640 3207 1829 3267 heros.

338 3284 471 3343 Nec
499 3284 690 3345 minus
717 3287 949 3345 AEneas
969 3307 1031 3345 se
1059 3289 1374 3346 matutinus
1404 3289 1625 3364 agebat.

338 3361 528 3421 Filius
554 3363 692 3423 huic
720 3366 931 3442 Pallas,
960 3366 1045 3424 illi
1072 3385 1266 3425 comes
1293 3366 1414 3425 ibat
1438 3365 1709 3425 Achates.
1763 3390 1766 3393 Δ

340 3437 652 3515 Congressi
670 3445 928 3521 jungunt
955 3446 1203 3521 dextras,
1232 3444 1554 3520 mediisque
1583 3441 1842 3501 residunt

341 3516 607 3593 AEdibus,
636 3530 696 3578 et
719 3521 877 3581 licito
904 3525 1138 3587 tandem
1165 3542 1430 3582 sermone
1455 3521 1735 3580 fruuntur.

337 3594 475 3655 Rex
500 3597 654 3672 prior
678 3598 843 3657 haec:

290 3690 297 3695 ·
340 3673 605 3732 Maxime
630 3674 989 3734 Teucrorum
1017 3679 1237 3754 ductor,
1251 3698 1382 3757 =quo
1410 3678 1625 3755 sospite
1650 3697 1948 3755 nunquam

337 3751 464 3809 Res
491 3752 761 3829 equidem
792 3753 985 3830 Trojae
1012 3756 1194 3814 victas
1224 3765 1322 3814 aut
1346 3774 1524 3829 regna
1548 3756 1787 3833 fatebor,

338 3828 529 3888 Nobis
557 3830 629 3888 ad
653 3829 795 3888 belli
821 3831 1099 3891 auxilium
1126 3853 1231 3909 pro
1257 3832 1494 3890 nomine
1520 3841 1680 3894 tanto

2191 515 2306 594 4‘30

2191 929 2306 985 435
2387 901 2396 912 ’

2188 1714 2305 1769 445

2143 2117 2148 2120 ⁴
2188 2108 2306 2164 450

2188 2501 2305 2557 455

2187 3285 2302 3342 462,

2185 3676 2304 3733 470
