2717 4300
312 299 435 355 236·
1111 295 1467 351 AENEIDOS

313 447 509 506 Prima
534 446 680 524 petit
704 466 718 503 t
761 465 876 503 non
905 444 1005 503 illa
1030 442 1235 520 virfim,
1263 464 1382 502 non
1409 444 1509 502 illa
1532 444 1736 523 pericli

313 525 706 602 Telorumque
733 542 992 596 memor;
1036 521 1245 580 coelum
1274 523 1485 580 dehinc
1512 523 1811 600 questibus
1837 523 2077 600 implet:
2160 530 2275 584 480

314 604 495 661 Hunc
525 623 631 678 ego
652 613 736 678 te,
766 602 1039 677 Euryale,
1069 602 1372 677 adspicio?
1414 609 1554 659 tune
1582 602 1699 678 ille,
1730 611 1979 660 senectae
2067 644 2078 650 -
2297 625 2302 628 ·

317 683 457 739 Sera
483 700 628 738 meae
655 680 879 757 'requies
902 683 925 737 ?
963 679 1199 756 potuisti
1228 677 1487 755 linquere
1515 680 1715 756 solam,

313 759 624 818 Crudelis?
666 778 775 816 nec
803 767 879 833 te,
908 758 1014 815 sub
1042 765 1198 815 tanta
1222 757 1479 834 pericula
1506 759 1762 834 missum,

316 833 845 895 Affnxiextrmam
873 837 1098 893 miseroe
1128 836 1258 892 data
1284 835 1454 912 copia
1480 836 1689 894 matri?
1753 841 1756 844 ’

314 917 449 973 Heu
473 917 488 972 !
532 916 680 973 terra
706 915 921 990 ignota,
951 913 1189 972 canibus
1217 913 1348 970 date
1376 914 1569 990 praeda
1595 914 1816 972 LatInis
2157 921 2272 974 485

312 993 696 1070 Alitibusque,
715 995 879 1071 jaces
903 995 916 1047 !
959 1010 1070 1048 nec
1100 999 1176 1065 te,
1205 999 1305 1048 tua
1330 991 1764 1066 funera,·mater

312 1072 587 1145 Produxi,
616 1071 875 1149 pressive
903 1070 1119 1144 oculos,
1150 1078 1248 1127 aut
1271 1070 1511 1127 vulnera
1537 1071 1671 1146 lavi,

312 1150 495 1207 Veste
523 1158 742 1226 tegens,
772 1148 878 1207 tibi
904 1167 1076 1223 quam
1103 1157 1302 1206 noctes
1328 1148 1539 1218 festina
1565 1149 1803 1228 diesque

311 1227 626 1303 Urgebam,
657 1238 715 1292 et
741 1227 856 1284 tela
884 1244 1048 1284 curas
1076 1225 1300 1283 solabar
1326 1226 1507 1284 aniles
1531 1231 1545 1284 !

314 1303 450 1377 Quo
480 1326 702 1383 sequar,
733 1314 833 1364 aut
856 1324 987 1382 quae
1015 1323 1170 1363 nunc
1199 1314 1369 1381 artuS,
1399 1314 1708 1384 avulsaque
1734 1305 2010 1383 membra,
2149 1314 2271 1367 ‘490

312 1385 395 1442 Et
420 1384 590 1443 sunus
618 1386 887 1460 lacerum,
916 1383 1088 1442 tellus
1114 1383 1335 1447 habet?
1415 1384 1548 1442 Hoc
1576 1385 1719 1442 mihi
1746 1386 1820 1443 de
1848 1394 1925 1461 te,

312 1463 487 1539 Nate,
517 1463 690 1521 refers
712 1463 890 1527 ?‚hoe
919 1481 1047 1520 sum
1075 1462 1337 1539 terraque
1366 1463 1624 1539 marique
1652 1466 1892 1522 secuta?

312 1542 502 1616 Figite
530 1562 643 1615 me,
672 1541 721 1598 si
748 1548 974 1618 quaest
996 1540 1216 1616 pietas3
1260 1541 1320 1597 in
1348 1559 1443 1597 me
1471 1542 1664 1598 omnia
1689 1542 1805 1600 tela

313 1619 619 1697 Conjicite,
649 1639 683 1677 o
710 1618 952 1691 Rutuli;
996 1637 1089 1675 me
1116 1619 1359 1694 primam
1390 1618 1672 1677 absumite
1698 1620 1863 1679 ferro.

313 1700 431 1756 Aut
456 1705 538 1773 tu,
568 1717 774 1774 magne
800 1705 963 1774 pater
989 1696 1205 1772 divum,
1234 1697 1525 1772 miserere,
1555 1707 1769 1775 tuoque
2155 1704 2270 1759 495

314 1776 571 1834 Invisum
600 1776 712 1834 hoc
741 1775 981 1834 detrude
1009 1784 1183 1852 caput
1211 1777 1316 1833 sub
1346 1776 1587 1835 Tartara
1612 1778 1747 1853 telo,

313 1856 564 1927 Quando
594 1854 756 1913 aliter
781 1865 1009 1934 nequeo
1037 1854 1328 1912 crudelem
1358 1854 1695 1932 abrumpere
1722 1857 1916 1915 vitam.

390 1935 521 1992 Hoc
549 1934 688 1991 fletu
717 1934 984 1992 concussi
1011 1934 1208 2009 animi,
1238 1943 1592 2011 moestusque
1618 1954 1723 2011 per
1749 1954 1966 1993 omnes‘
2072 1966 2082 1975 ·

314 2012 367 2069 It
396 2014 639 2088 gfflnitus
664 2031 678 2069 t
722 2021 950 2089 torpent
974 2011 1228 2069 infractae
1258 2012 1327 2068 ad
1356 2013 1561 2089 proelia
1586 2013 1753 2072 vires,

314 2090 477 2148 Illam
506 2091 923 2161 incendentem
940 2091 1130 2148 luctus
1161 2091 1354 2148 ldaeus
1382 2100 1440 2150 et
1466 2094 1661 2168 Actor,
1987 2091 1992 2096 ’
2157 2097 2271 2152 500

313 2171 520 2229 Ilionei
547 2171 789 2247 monitu,
820 2179 879 2229 et
904 2167 1148 2229 multum
1178 2171 1546 2247 lacrymantis
1575 2171 1707 2248 Iuli,
2089 2186 2094 2194 ·

257 2260 261 2262 ’
312 2250 660 2327 corripiunt,
689 2250 951 2327 interque
977 2269 1180 2308 manus
1207 2250 1314 2308 sub
1341 2258 1494 2308 tecta
1519 2258 1820 2327 reponunt.

390 2318 467 2387 At
494 2342 631 2387 tuba
657 2329 968 2395 terribilem
995 2329 1244 2387 sonitum
1273 2330 1474 2406 procul
1505 2348 1617 2399 aere
1645 2349 1854 2388 canoro

313 2407 606 2485 increpuit
629 2427 643 2464 τ
688 2408 946 2485 sequitur
971 2408 1202 2481 clamor,
1231 2407 1556 2485 coelumque
1584 2408 1846 2486 remugit.

311 2487 670 2560 Accelerant,
701 2487 828 2544 acta
852 2486 1064 2563 pariter
1087 2486 1394 2562 testudine,
1424 2487 1644 2563 Volsci,
2155 2492 2270 2546 505

313 2564 394 2621 Et
421 2564 598 2622 fossas
624 2565 864 2641 implere
890 2570 1108 2641 p'arant,
1140 2583 1205 2621 ac
1230 2564 1447 2622 vellere
1473 2565 1706 2622 vallum.

314 2643 597 2712 Quaerunt
620 2661 750 2720 pars
779 2643 1013 2715 aditum,
1045 2651 1103 2699 et
1129 2641 1297 2699 scalis
1327 2643 1637 2700 ascendere
1665 2662 1879 2718 muroS,

313 2720 447 2791 Qua
475 2739 598 2778 rara
626 2729 714 2778 est
740 2720 910 2793 aeica,
939 2720 1355 2796 interlucetque
1382 2740 1595 2779 corona

311 2798 372 2857 N
377 2817 449 2856 on
478 2807 595 2856 tam
625 2797 808 2874 spissa
831 2798 985 2856 viris.
1069 2797 1344 2856 Telorum
1374 2799 1673 2859 effundere
1702 2798 1899 2859 contra

314 2876 505 2936 Omne
534 2895 715 2953 genus
742 2876 974 2951 Teucri,
1003 2896 1071 2935 ac
1097 2877 1254 2952 duris
1284 2879 1585 2937 detrudere
1613 2881 1818 2957 contiS,
2109 2901 2113 2904 ⁴
2153 2884 2267 2937 510

311 2956 544 3014 Assueti
572 2956 741 3032 longo
769 2975 962 3014 muros
989 2955 1298 3025 defendere
1324 2956 1496 3016 bello.

315 3036 469 3093 Saxa
494 3033 724 3112 quoque
752 3034 957 3092 infesto
985 3034 1295 3094 volvebant
1318 3039 1593 3115 pondere,
1622 3038 1668 3095 si
1697 3037 1810 3114 qua

312 3113 557 3172 Possent
583 3121 793 3171 tectam
823 3113 1005 3171 aciem
1031 3132 1439 3193 perrumpere;
1483 3134 1660 3193 quum
1690 3125 1880 3172 tamen
1909 3133 2110 3173 omnes

312 3193 490 3251 Ferre
510 3196 675 3271 Juvat
702 3192 897 3250 subter
922 3193 1101 3250 densa
1130 3195 1414 3252 testudine
1444 3214 1623 3252 casus.

313 3270 587 3349 Necjam
616 3270 905 3333 sufficiunt
925 3291 940 3343 ;
962 3290 1137 3347 nam,
1167 3273 1280 3348 qua
1307 3273 1509 3348 globus
1536 3270 1797 3328 imminet
1824 3270 2048 3351 ingens,
2150 3277 2264 3329 515

314 3348 634 3406 Immanem
663 3350 875 3407 Teucri
902 3350 1112 3407 molem
1139 3352 1489 3426 volvuntque
1516 3355 1684 3406 ruunt
1723 3367 1817 3425 ue,

315 3428 465 3497 Quae
494 3427 689 3485 stravit
714 3428 961 3487 Rutulos
989 3426 1122 3504 late,
1154 3441 1548 3503 armorumque
1577 3435 1701 3483 reso
1725 3427 1809 3486 vit

311 3505 634 3580 Tegmina:
678 3525 787 3564 nec
815 3515 1018 3564 curant
1042 3526 1198 3565 caeco
1225 3507 1570 3565 contendere
1599 3504 1790 3564 Marte

311 3579 581 3659 Amplius
609 3585 856 3641 audaces
880 3584 1085 3643 Rutuli
1107 3605 1122 3657 3
1166 3585 1267 3642 sed
1294 3584 1512 3662 pellere
1539 3583 1691 3641 vallo

313 3661 634 3718 Missilibus
662 3669 894 3719 certant.
2148 3662 2264 3723 62'0

312 3738 483 3796 Parte
512 3739 623 3796 alia
647 3738 964 3795 horrendus
991 3738 1116 3794 visu
1145 3737 1448 3813 quassabat
1473 3737 1780 3798 Etruscam

313 3815 542 3891 Pinum,
573 3824 633 3873 et
657 3813 949 3872 fumiferos
976 3813 1146 3871 infert
1170 3814 1501 3872 Mezentius
1527 3816 1709 3892 ignes.
