2717 4300
361 291 472 347 aas
585 371 593 377 ἱ
1066 369 1077 378 ·
1172 269 1537 350 AENmnos

362 440 584 515 Audiit,
613 440 961 519 agnovitque
987 458 1212 515 sonum,
1242 449 1303 499 et
1326 438 1662 498 tremefacta
1685 436 1913 515 refugit,

365 518 474 578 Ille
501 518 676 594 volat,
704 537 1023 598 campoque
1050 527 1234 576 atrum
1261 518 1412 596 rapit
1438 536 1648 593 agmen
1676 525 1894 595 aperto.
2210 522 2330 579 450

365 597 572 668 Qualis
596 597 698 655 ubi
725 598 798 655 ad
824 606 1020 672 terras,
1049 595 1288 674 abrupto
1315 596 1523 671 sider‘e,
1551 595 1785 654 nimbus

362 675 419 735 It
443 695 600 734 mare
625 694 731 755 per
755 675 1010 733 medium
1035 694 1050 733 ε
1093 675 1338 750 miseris,
1368 674 1485 731 heu
1509 676 1523 731 ἔ
1570 674 1815 752 praescia
1838 670 2014 752 long&

368 754 724 812 Horrescunt
748 754 922 811 corda
947 754 1244 829 agricolis:
1286 751 1447 811 dabit
1472 751 1572 810 ille
1599 753 1792 811 ruinas

360 832 699 907 Arboribus,
727 839 1090 909 stragemque
1114 831 1289 904 satis3
1333 839 1463 889 ruet
1487 832 1684 889 omnia
1705 827 1823 890 late
1848 850 1865 892 z

363 911 712 969 Antevolant
737 910 1104 987 sonitumque
1130 910 1325 968 ferunt
1349 910 1422 967 ad
1449 910 1637 968 littora
1663 908 1838 968 venti.
1911 950 1918 955 -
2208 915 2325 970 455

359 987 524 1047 Talis
549 988 611 1046 in
639 1007 870 1047 aversos
897 989 1102 1047 ductor
1125 989 1438 1047 Rhoetei'us
1463 988 1660 1047 hostes

358 1067 589 1143 Agmen
618 1068 767 1145 agit:
812 1067 978 1125 densi
1006 1067 1208 1125 cuneis
1236 1086 1300 1125 se
1328 1067 1572 1143 quisque
1599 1065 1815 1125 coactis

357 1145 787 1221 Agglomerant.
870 1146 1034 1205 Ferit
1058 1164 1198 1204 ense
1225 1165 1458 1221 gravem
1486 1145 1871 1222 Thymbraeus
1897 1144 2146 1220 Osirim3

356 1224 697 1283 Archetium
725 1224 1106 1298 Mnestheus;
1149 1223 1484 1302 Epulonem
1511 1224 1815 1283 obtruncat
1838 1225 2114 1303 Achates,

357 1301 751 1380 Ufentemque
781 1304 977 1381 Gyas:
1021 1303 1175 1361 cadit
1201 1304 1326 1381 ipse
1359 1303 1707 1361 Tolumnius
1735 1322 1931 1380 augur,
2208 1307 2324 1362 460

356 1379 588 1440 Primus
614 1381 675 1441 in
703 1383 973 1441 adversos
999 1382 1178 1441 telum
1205 1383 1305 1459 qui
1332 1390 1573 1441 torserat
1596 1381 1812 1439 hostes.

358 1458 606 1520 Tollitur
631 1460 690 1518 in
718 1461 931 1520 coelum
959 1460 1194 1535 clamor,
1223 1457 1492 1538 versique
1518 1460 1774 1520 vicissim

355 1536 772 1598 Pulverulenta
795 1539 929 1615 fuga
957 1539 1163 1598 Rutuli
1190 1540 1329 1599 dant
1354 1546 1513 1614 terga
1537 1558 1641 1616 per
1668 1557 1851 1614 agros.

358 1616 496 1693 Ipse
523 1636 598 1675 ne
641 1636 711 1675 ue
740 1618 1009 1676 adversos
1037 1618 1302 1694 dignatur
1327 1625 1581 1690 sternere
1607 1617 1798 1692 morti,
2371 1688 2378 1693 ,

356 1694 419 1754 N
421 1714 489 1754 ec
514 1715 589 1772 pe
631 1715 664 1754 e
692 1714 1030 1773 congressos
1059 1715 1246 1773 aequo,
1272 1715 1386 1754 nec
1412 1694 1803 1754 tela'ferentes
2205 1702 2323 1757 466

357 1773 723 1851 Insequitur:
766 1774 952 1833 solum
980 1775 1162 1833 densa
1188 1775 1249 1833 in
1275 1774 1525 1850 caligine
1552 1774 1818 1833 Turnum

355 1850 625 1930 Vestigat
649 1853 938 1927 lustrans3
980 1854 1166 1913 solum
1193 1854 1253 1912 in
1281 1854 1598 1914 certamina
1623 1853 1829 1930 poscit.

436 1932 570 1992 Hoc
599 1952 882 1992 concussa
906 1944 1064 1991 metu
1093 1942 1350 1991 mentem
1376 1932 1627 1991 Juturna
1652 1932 1850 2009 virago

355 2011 632 2087 Aurigam
659 2011 845 2069 Turni
872 2011 1063 2069 media
1089 2011 1239 2069 inter
1263 2011 1385 2069 lora
1410 2011 1728 2071 Metiscum
2183 2071 2190 2074 ,

356 2088 619 2166 Excutit,
649 2099 710 2150 et
733 2086 906 2168 longe
933 2090 1156 2169 lapsum
1184 2098 1417 2148 temone
1442 2090 1728 2169 relinquit.
2202 2094 2322 2151 470

357 2168 496 2246 Ipsa
520 2170 693 2245 subit,
723 2169 1103 2247 manibusque
1129 2170 1417 2229 undantes
1442 2169 1623 2231 flectit
1647 2166 1923 2245 habenas,

355 2248 583 2307 Cuncta
607 2267 831 2325 gerens,
858 2268 1199 2327 vocemque,
1228 2255 1287 2306 et
1303 2268 1531 2326 corpus,
1560 2258 1619 2307 et
1645 2267 1803 2307 arma
1826 2247 2084 2321 Metisci.

354 2325 540 2403 Nigra
566 2327 727 2387 velut
752 2347 989 2405 magnas
1015 2327 1235 2387 domini
1261 2347 1440 2404 quum
1467 2327 1660 2386 divitis
1688 2328 1846 2386 aedes

355 2404 644 2482 Pervolat,
673 2415 733 2466 et
756 2406 965 2485 pennis
992 2407 1106 2466 alta
1132 2406 1275 2465 atria
1300 2406 1502 2465 lustrat
1527 2406 1793 2481 hirundo,

356 2482 578 2544 Pabula
600 2505 778 2563 parva
803 2485 1023 2563 legens,
1051 2485 1317 2561 nidisque
1344 2484 1684 2561 loquacibus
1710 2503 1872 2543 escas
1893 2503 1910 2558 3
2202 2488 2320 2544 4⁷6

355 2563 439 2621 Et
464 2583 619 2623 nunc
643 2564 959 2642 porticibus
985 2564 1201 2638 vacuis,
1229 2583 1387 2622 nunc
1413 2564 1656 2621 humida
1680 2564 1901 2620 circum
2201 2603 2215 2617 .

358 2641 575 2717 Stagna
599 2651 798 2701 sonat:
842 2642 1045 2701 similis
1071 2642 1292 2700 medios
1317 2642 1566 2712 Iuturna
1588 2660 1693 2717 per
1716 2640 1914 2700 hostes

355 2719 565 2779 Fertur
590 2721 771 2797 equis,
796 2720 1110 2798 rapidoque
1136 2719 1338 2777 volans
1363 2719 1488 2778 obit
1513 2720 1709 2778 omnia
1732 2738 1936 2792 curru3

354 2797 601 2877 Jamque
628 2796 726 2857 hic
752 2817 1113 2876 germanum,
1134 2799 1377 2876 jamque
1405 2796 1523 2872 hic,
1551 2806 1799 2857 ostentat
1825 2803 2134 2872 ovantem3

355 2876 488 2953 Nec
516 2875 774 2936 conferre
802 2895 1037 2936 manum
1063 2876 1310 2954 patitur3
1352 2877 1666 2936 volatavia
1691 2875 1882 2953 longe.
2200 2880 2317 2936 480

357 2956 535 3014 Haud
563 2952 754 3014 minus
780 2955 1003 3016 AEneas
1030 2963 1206 3016 tortos
1232 2956 1373 3032 legit
1397 2956 1614 3014 obvius
1630 2956 1820 3029 orhm,

356 3034 737 3113 vestigatque
763 3035 970 3111 virum,
998 3046 1058 3095 et
1082 3035 1325 3113 disjecta
1348 3053 1454 3112 per
1479 3035 1712 3110 agmina
1737 3035 1950 3111 magnii

355 3112 523 3173 Voce
550 3122 734 3173 vocat.
819 3114 1066 3185 Quoties
1093 3113 1292 3172 oculos
1319 3116 1571 3192 conjecit
1595 3115 1657 3172 in
1683 3115 1929 3188 hostem,

355 3192 786 3270 Alipedumque
813 3193 1008 3269 fugam
1036 3212 1206 3251 cursu
1236 3194 1481 3252 tentavit
1507 3212 1805 3271 equorum,

355 3272 609 3331 Aversos
638 3273 808 3332 toties
832 3291 1034 3332 currus
1059 3273 1095 3332 J
1097 3280 1306 3330 uturna
1332 3271 1575 3331 retorsit.
2194 3275 2313 3328 485

357 3351 529 3408 Heu!
574 3351 713 3429 quid
739 3354 913 3428 agat?
952 3352 1111 3411 vario
1137 3349 1527 3427 nequidquam
1556 3349 1796 3408 fluctuat
1820 3355 2000 3409 aestut

356 3429 737 3508 Diversaeque
764 3440 976 3490 vocant
1000 3429 1256 3489 animum
1285 3429 1342 3487 in
1373 3428 1656 3488 contraria
1680 3446 1853 3487 curae.

357 3507 518 3565 Huic
546 3508 873 3587 Messapus,
903 3510 988 3568 uti
1014 3510 1164 3567 laevz‘i
1191 3509 1308 3566 duo
1333 3505 1479 3566 forte
1508 3506 1743 3581 gerebat

356 3587 563 3660 Lenta,
592 3585 737 3645 levis
765 3607 954 3664 cursu,
981 3587 1222 3665 praefixa
1246 3586 1477 3644 hastilia
1499 3585 1668 3659 ferro,
1747 3627 1758 3633 -

357 3664 584 3723 Horum
612 3685 795 3724 unum
821 3675 978 3725 certo
1005 3674 1389 3742 contorquens
1414 3664 1607 3740 dirigit
1629 3664 1769 3724 ictu.
2200 3664 2318 3722 490

358 3742 626 3802 Substitit
651 3743 893 3818 AEneas,
923 3752 983 3802 et
1007 3762 1071 3801 se
1098 3742 1335 3817 collegit
1356 3742 1415 3799 in
1448 3762 1623 3819 arma,

355 3820 585 3900 Poplite
613 3820 952 3881 subsidens:
995 3821 1218 3898 apicem
1244 3828 1439 3887 tamen
1466 3822 1642 3882 incita
1667 3839 1959 3882 summum
