2717 4300
352 333 462 393 Q
1136 334 1515 392 -AENEIDOS

354 485 571 561 Virgea
596 484 915 562 suggeritur
940 483 1111 543 costis
1136 483 1405 542 undantis
1430 482 1623 560 aheni,

354 563 778 641 Exsultantque
806 570 949 620 aestu
974 562 1171 620 latices
1195 581 1209 618 t
1249 562 1389 619 furit
1413 561 1568 620 intus
1598 564 1767 639 aquai·

353 640 641 698 Fumidus
669 650 840 718 atque
867 637 979 698 alte
1007 639 1223 717 spumis
1250 639 1529 698 exuberat
1555 640 1773 697 amnis:

352 718 483 776 Nec
500 720 626 796 jam
653 737 715 776 se
742 718 899 795 capit
914 718 1107 790 unda3
1150 715 1307 775 volat
1329 735 1510 792 vapor
1534 724 1657 774 ater
1681 718 1753 775 ad
1779 735 1961 777 auras.

354 796 509 870 Ergo
537 796 643 854 iter
668 796 740 853 ad
767 814 980 871 regem,
1007 794 1226 872 polluta
1250 812 1414 870 paee,
1443 795 1712 853 Latinum
1801 835 1806 838 -

354 873 564 931 Indicit
628 872 786 930 rimis
803 875 1109 951 juvenum,
1140 879 1199 929 et
1216 871 1386 949 jubet
1413 891 1570 929 arma
1592 872 1796 949 parari,

350 950 551 1007 Tutari
608 950 823 1025 taliam,
853 950 1152 1008 detrudere
1179 947 1391 1006 finibus
1418 949 1676 1024 hostem3

353 1027 431 1084 Se
457 1025 592 1086 satis
621 1028 901 1085 ambobus
929 1027 1283 1103 Teucrisque
1309 1026 1508 1085 venire
1535 1028 1888 1105 Latinisque.

351 1105 500 1163 Haec
527 1106 628 1164 ubi
655 1106 806 1164 dicta
832 1106 1008 1179 dedit,
1038 1105 1315 1182 divosque
1341 1106 1401 1161 in
1431 1113 1563 1163 vota
1587 1108 1833 1182 vocavit,

349 1183 627 1241 Certatim
656 1202 784 1241 sese
800 1179 1016 1241 Rutuli
1043 1182 1414 1241 exhortantur
1437 1183 1497 1240 in
1526 1202 1698 1240 arma.

351 1261 525 1319 Hunc
552 1261 730 1320 decus
757 1262 1049 1336 egregium
1075 1260 1271 1318 fonnae
1299 1268 1494 1318 movet
1520 1268 1691 1396 athue
1708 1263 1988 1340 juventae,
2024 1305 2030 1310 -

349 1337 526 1396 Hunc
552 1339 701 1396 atavi
728 1358 909 1415 reges,
938 1338 1094 1396 hunc
1120 1338 1286 1396 claris
1312 1339 1548 1396 dextera
1595 1340 1754 1398 actis.

427 1416 591 1473 Dum‘
610 1415 1118 1475 Turnus-Rutulos
1147 1416 1350 1474 animis
1380 1416 1691 1475 audacibus
1716 1417 1935 1495 implet,

349 1492 576 1554 Allecto
602 1494 663 1552 in
690 1494 949 1553 Teucros
977 1493 1189 1570 Stygiis
1218 1512 1281 1551 se
1308 1494 1557 1552 concitat
1582 1494 1706 1570 alis,

349 1572 490 1628 Arte
516 1573 670 1629 nova
696 1571 989 1649 speculata
1013 1571 1208 1628 locum
1274 1590 1349 1628 uo
1376 1570 1565 1629 littore
1590 1571 1834 1650 pulcher

351 1647 584 1706 Insidiis
612 1668 895 1726 cursuque
923 1649 1069 1706 seras
1097 1649 1249 1724 agita
1289 1656 1347 1706 at
1375 1647 1555 1706 Iiilus.

351 1724 467 1782 Hic
496 1726 740 1785 subitam
767 1726 1005 1784 canibus
1032 1725 1247 1783 rabiem
1276 1726 1519 1803 Cocytia
1543 1727 1705 1803 virgo

352 1802 584 1881 obiicit,
613 1812 673 1862 et
699 1815 837 1863 note
858 1822 1031 1862 nares
1056 1803 1333 1880 contingit
1359 1805 1551 1879 odore,

350 1882 434 1940 Ut
459 1898 694 1939 cervum
721 1883 982 1941 ardentes
1009 1890 1278 1959 agerent:
1321 1901 1450 1959 quae
1476 1884 1664 1975 prima
1689 1884 1950 1942 laborum

349 1959 542 2017 Causa
568 1959 693 2035 suit,
720 1959 991 2038 belloque
1016 1961 1236 2018 animos
1264 1962 1530 2018 accendlt
1557 1971 1823 2037 agrestes.

349 2038 574 2095 Cervus
603 2046 725 2096 erat
748 2038 929 2097 forma
952 2039 1247 2116 praestanti
1276 2047 1334 2096 ct
1360 2038 1630 2097 cornibus
1656 2040 1859 2116 ingens
1880 2061 1896 2116 3

348 2114 649 2192 Tyrrhidae
675 2117 839 2194 pueri
865 2136 1037 2196 quem
1067 2116 1260 2176 matris
1287 2116 1358 2175 ab
1387 2116 1565 2176 ubere
1592 2124 1842 2197 raptum‘

350 2194 678 2271 Nutribang
708 2197 1119 2274 Tyrrheusque
1146 2204 1324 2274 pater,
1355 2195 1449 2254 cui
1478 2196 1632 2274 regia
1653 2207 1860 2276 parent

350 2275 641 2349 Armenta,
671 2283 729 2332 et
752 2272 866 2333 late
896 2275 1154 2333 custodia
1179 2275 1394 2333 credita
1420 2276 1623 2352 campi.

347 2352 656 2410 Assuetum
683 2353 936 2430 imperiis
964 2373 1121 2412 soror
1146 2353 1301 2410 omni
1333 2353 1512 2411 Silvia
1538 2353 1676 2412 cura

347 2428 628 2488 Mollibus
654 2430 920 2490 intexens
947 2432 1182 2489 ornabat
1208 2430 1422 2488 cornua
1448 2432 1632 2508 sertis,

346 2507 734 2585 Pectebatque
761 2509 964 2581 serum,
993 2528 1252 2586 puroque
1279 2509 1337 2566 in
1367 2509 1523 2567 fonte
1549 2509 1792 2569 lavabat.

348 2585 475 2661 Ille,
505 2605 733 2644 manum
760 2588 1003 2664 patiens,
1034 2605 1366 2661 mensaeque
1395 2596 1652 2645 assuetus
1678 2588 1866 2664 herili,

346 2662 591 2722 Errabat
616 2664 792 2739 silvis,
820 2683 1128 2741 rursusque
1157 2665 1226 2720 ad
1255 2664 1455 2721 limina
1482 2671 1616 2722 nota

348 2741 481 2817 Ipse
507 2742 741 2800 domum
770 2745 894 2800 sera
921 2742 1179 2818 quamvis
1206 2761 1270 2800 se
1296 2750 1466 2800 nocte
1493 2740 1728 2801 ferebat.

347 2818 522 2877 Hunc
547 2820 748 2896 procul
776 2830 1055 2878 errantem
1083 2819 1295 2878 rabidas
1323 2820 1585 2879 venantis
1615 2820 1728 2880 Iuli

346 2895 730 2956 Commovere
757 2917 950 2975 canes,
975 2898 1151 2956 fluvio
1178 2918 1356 2975 quum
1384 2895 1527 2959 forte
1556 2902 1810 2961 secundo

345 2975 660 3052 Deflueret‚
687 2977 924 3053 ripaque
953 2985 1124 3035 aestus
1149 2978 1432 3036 viridante
1458 2977 1690 3038 levaret.

347 3054 481 3131 Ipse
510 3055 700 3131 etiam,
730 3055 959 3113 eximiae
987 3055 1172 3114 laudis
1200 3075 1510 3115 succensus
1539 3077 1749 3134 amore,

345 3134 628 3193 Ascanius
654 3153 828 3192 curvo
857 3134 1066 3192 direxit
1091 3135 1308 3212 spicula
1335 3154 1514 3194 cornu
1538 3157 1552 3194 ε

344 3211 476 3270 Nec
506 3213 723 3271 dextra}
752 3213 960 3272 erranti
987 3213 1130 3271 deus
1158 3213 1375 3287 abfuit3
1418 3223 1657 3291 actaque
1684 3212 1866 3271 multo

343 3290 572 3367 Perque
597 3299 821 3350 uterum
848 3291 1036 3350 sonitu
1061 3311 1276 3369 perque
1301 3292 1402 3350 ilia
1426 3293 1586 3352 venit
1611 3291 1842 3348 arundo·

350 3368 593 3428 Saucius
618 3378 677 3429 at
696 3371 1024 3448 ‘quadrupes
1051 3379 1186 3428 nota
1212 3372 1360 3428 intra
1386 3379 1535 3430 tecta
1560 3368 1786 3446 refugit,

348 3446 747 3525 successitque
775 3468 1011 3524 gemens
1039 3448 1311 3522 stabulis3
1355 3457 1695 3525 questuque,
1724 3456 2014 3524 cruentus,

345 3526 537 3600 Atque
564 3525 886 3602 imploranti
914 3528 1136 3602 similis,
1164 3535 1379 3585 tectum
1407 3546 1576 3584 omne
1603 3525 1875 3602 replebat.

350 3602 529 3660 Silvia
552 3603 737 3680 prima
762 3623 935 3678 soror,
964 3606 1167 3682 palmis
1192 3624 1463 3683 percussa
1487 3604 1748 3680 lacertos,

347 3681 645 3739 Auxilium
672 3688 856 3753 vocat,
886 3690 946 3739 et
970 3683 1142 3740 duros
1170 3683 1488 3740 conclamat
1514 3690 1781 3757 agrestes.

349 3758 467 3818 Olli
501 3757 707 3836 (pestis
733 3757 893 3815 enim
914 3759 1101 3816 tacitis
1126 3759 1266 3818 latet
1292 3778 1491 3835 aspera
1517 3759 1704 3834 silvis)

349 3835 654 3913 Improvisi
682 3835 924 3907 adsunt;
967 3835 1062 3892 bic
1086 3843 1236 3895 torre
1264 3845 1513 3894 armatus
1540 3836 1763 3913 obusto,

349 3914 572 3991 stipitis
597 3913 695 3972 hic
722 3912 941 3988 gravidi
965 3912 1170 3969 nodis:
1210 3913 1366 3988 quod
1392 3915 1603 3992 cuique
1627 3924 1915 3995 repertum

2183 646 2301 703 465

2182 1034 2300 1090 470

2181 1422 2300 1478 475

2182 1813 2298 1869 480

2180 2596 2295 2650 490

2179 2985 2296 3040 495

2179 3376 2294 3431 500

2179 3765 2296 3821 505
