2717 4300
1225 300 1456 357 LIBER
1493 301 1568 357 11.

427 445 770 505 Extinxisse
798 445 959 504 nefas
986 456 1200 524 tamen,
1227 457 1288 507 et
1312 451 1625 527 sumpsisse
1652 454 1925 513 merentis

428 524 733 601 Laudabor
757 543 996 600 poenas;
1040 528 1411 603 animumque
1440 528 1707 606 explesse
1725 533 1957 608 Juvabit

429 603 668 662 Ultricis
695 603 962 678 flammae,
992 614 1051 663 et
1078 606 1303 663 cineres
1331 608 1570 665 satiasse
1602 623 1878 668 meorum.

508 680 679 737 Talia
695 681 1005 759 jactabam,
1035 691 1106 762 et*
1117 683 1323 741 furiata
1351 697 1544 745 mente
1569 685 1825 760 ferebar3

431 759 630 830 Quum
658 759 802 816 mihi
828 779 909 834 se,
939 759 1216 823 nonant&
1246 763 1432 821 oculis
1459 773 1576 822 tam
1600 765 1775 838 clara,
1803 766 2115 827 videndam

430 837 674 912 Obtulit,
705 846 763 896 et
788 839 932 914 pura
958 858 1065 915 per
1091 848 1323 898 noctem
1348 841 1410 900 in
1438 842 1566 900 luce
1595 843 1833 920 refulsit,

428 917 603 975 Alma
625 935 852 992 pareuS,
880 917 1145 977 consessa
1171 920 1360 989 deam,
1391 922 1689 996 qualisque
1716 923 1898 982 videri

429 995 725 1052 Coelicolis
754 1006 813 1054 et
838 1006 1049 1071 quanta
1075 996 1253 1069 solet3
1298 998 1616 1076 dextraque
1644 1000 1996 1076 prehensum

430 1073 749 1148 Continuit,
780 1093 1056 1150 roseoque
1087 1075 1211 1133 haec
1238 1077 1473 1152 insuper
1499 1078 1721 1136 addidit
1744 1098 1843 1137 ore
1866 1099 1881 1137 τ

508 1152 682 1226 Nate,
710 1152 837 1228 quis
865 1153 1170 1210 indomitas
1197 1162 1389 1212 tantus
1416 1156 1577 1212 dolor
1605 1157 1820 1227 excitat
1843 1157 1997 1217 iras?

434 1229 591 1300 Quid
617 1230 796 1288 furis?
840 1240 939 1288 aut
964 1227 1219 1308 quonam
1247 1233 1426 1290 nostri
1453 1233 1722 1292 tibi-cura
1747 1238 2024 1296 recessit?

429 1308 566 1367 Non
596 1306 754 1386 prius
783 1309 1067 1386 adspicies
1095 1309 1194 1367 ubi
1221 1311 1437 1368 fessum
1467 1321 1632 1369 aetate
1659 1324 1956 1388 parentem

435 1388 694 1465 Liqueris
719 1388 1060 1446 Anchisen?
1103 1398 1333 1465 superet
1358 1391 1649 1467 conjuxne
1678 1391 1916 1468 Creiisa,

430 1467 827 1543 Ascaniusque
853 1469 1037 1544 puer?
1079 1486 1222 1542 quos
1249 1487 1453 1526 omnes
1480 1469 1732 1546 undique
1761 1471 1951 1531 Graiae

430 1545 662 1621 Circum
691 1554 879 1604 errant
905 1546 1090 1618 acies;
1135 1556 1211 1620 et,
1241 1547 1303 1604 ui
1330 1562 1469 1604 mea'
1487 1567 1622 1605 cura
1648 1548 1890 1624 resistat,

428 1623 558 1680 Jam
587 1624 830 1681 flammae
857 1625 1107 1699 tulerint,
1137 1623 1409 1683 inimicus
1437 1637 1497 1685 et
1522 1626 1777 1686 hauserit
1804 1629 1976 1688 ensis.

430 1702 490 1760 N
494 1721 567 1759 on
595 1703 698 1760 tibi
727 1703 1072 1778 Tyndaridis
1098 1703 1274 1762 facies
1300 1704 1487 1762 invisa
1511 1707 1798 1780 Lacaenae,

431 1781 783 1857 Culpatusve
810 1781 1008 1854 Paris;
1051 1782 1249 1839 divum
1278 1782 1666 1851 inclementia,
1696 1785 1914 1862 divum,

432 1859 556 1916 Has
584 1860 787 1918 evertit
812 1878 973 1936 opes,
1002 1860 1312 1937 sternitque
1341 1880 1376 1918 a
1402 1862 1654 1920 culmine
1682 1862 1935 1942 Trojam.

432 1938 723 2016 Adspice:
766 1957 1015 2014 namque
1043 1956 1273 1999 omnem
1301 1959 1430 2016 quae
1460 1959 1614 1997 nunc
1641 1940 1893 2001 obducta
1915 1941 2100 2001 tuenti

432 2015 708 2075 Mortales
735 2016 969 2074 hebetat
994 2017 1150 2074 visus
1178 2018 1301 2092 tibi,
1331 2027 1391 2076 et
1417 2017 1657 2077 humida
1682 2017 1904 2079 circum

433 2095 674 2171 Caligat,
702 2095 917 2153 nubem
946 2096 1219 2173 eripiam:
1264 2104 1325 2155 tu
1351 2116 1428 2155 ne
1455 2117 1568 2173 qua
1593 2099 1846 2174 parentis

430 2175 461 2232 J
468 2194 598 2233 ussa
623 2175 779 2248 time,
808 2194 922 2232 neu
950 2175 1255 2251 praeceptis
1281 2194 1483 2250 parere
1517 2194 1733 2232 recusa.

434 2252 570 2327 Hic,
601 2254 694 2311 ubi
726 2253 995 2332 disiectas
1024 2253 1223 2327 moleS,
1253 2253 1565 2329 avulsaque
1593 2253 1747 2310 saxis

434 2332 587 2389 Saxa
614 2332 793 2406 vides,
820 2332 1118 2408 mixtoque
1144 2332 1460 2390 undantem
1487 2329 1728 2407 pulvere
1756 2329 2001 2408 fumum,

434 2411 746 2487 Neptunus
773 2431 963 2470 muros
992 2429 1314 2487 magnoque
1343 2418 1534 2468 emota
1560 2409 1792 2467 tridenti

435 2490 833 2548 Fundamenta
860 2491 1058 2565 quatit,
1090 2499 1380 2566 totamque
1408 2489 1480 2546 ab
1506 2487 1742 2546 sedibus
1772 2486 1972 2546 urbem

318 2580 324 2586 ·
432 2569 618 2626 Emit.
701 2567 820 2626 Hic
845 2568 998 2626 Juno
1034 2569 1227 2627 Scaeas
1255 2568 1572 2626 saevissima
1595 2575 1788 2644 portas

431 2647 624 2705 Prima
651 2654 824 2722 tenet,
855 2647 1189 2723 sociumque
1215 2647 1410 2706 furens
1439 2667 1473 2704 a
1497 2644 1740 2704 navibus
1767 2664 1975 2721 agmen

431 2725 608 2783 Ferro
637 2726 897 2783 accincta
922 2736 1106 2784 vocat.

428 2805 463 2862 J
467 2824 557 2861 am
585 2824 840 2862 summas
868 2824 1025 2862 arces
1057 2805 1334 2879 Tritonia,
1365 2803 1608 2881 respice,
1637 2803 1832 2862 Pallas

436 2883 673 2957 Insedit,
699 2883 895 2941 nimbo
925 2883 1205 2957 effulgens
1234 2893 1292 2942 et
1320 2884 1591 2958 Gorgone
1619 2882 1793 2940 επεν-εὶ.

436 2962 571 3038 Ipse
596 2969 759 3037 pater
784 2962 1003 3019 Danais
1033 2963 1251 3020 animos
1277 2962 1543 3038 viresque
1570 2961 1857 3019 secundas

436 3040 692 3113 Sufficit;
734 3040 858 3117 ipse
886 3041 1026 3100 deos
1054 3040 1113 3095 in
1142 3041 1414 3113 Dardana
1439 3040 1676 3098 suscitat
1704 3058 1876 3097 arma.

435 3120 634 3196 Eripe,
662 3128 815 3193 nate,
843 3119 1056 3194 fugam,
1086 3118 1378 3195 finemque
1406 3119 1640 3195 impone
1667 3117 1868 3177 labori.

433 3199 736 3274 Nusquam
764 3198 955 3272 abere,
984 3206 1044 3255 et
1070 3206 1257 3255 tutum
1286 3197 1469 3273 patrio
1497 3207 1555 3254 te
1581 3196 1781 3254 limine
1809 3196 2022 3254 sistam.

434 3277 695 3350 Dixerat,
726 3285 784 3334 et
810 3276 1007 3352 spissis
1034 3276 1222 3334 noctis
1250 3294 1312 3332 se
1341 3275 1601 3333 condidit
1626 3275 1863 3333 umbris.

434 3357 735 3432 Apparent
762 3354 899 3412 dirae
928 3354 1124 3429 facies,
1154 3354 1503 3431 inimicaque
1534 3354 1726 3433 Trojae

433 3433 697 3493 Numina
723 3453 933 3508 magna
958 3433 1149 3491 deum.
1554 3503 1565 3512 ,

512 3513 668 3570 Tum
695 3508 833 3570 vero
862 3531 1035 3569 omne
1061 3511 1204 3568 mihi
1230 3510 1418 3567 visum
1448 3507 1749 3567 considere
1775 3507 1835 3565 in
1865 3507 2028 3584 ignes

435 3591 630 3666 Ilium,
660 3600 719 3648 et
743 3609 820 3648 ex
845 3591 963 3647 imo
990 3590 1134 3648 verti
1164 3588 1466 3666 Neptunia
1492 3587 1684 3665 Troja-

435 3673 523 3729 Ac
552 3670 736 3728 veluti
764 3669 1001 3726 summis
1030 3668 1319 3744 antiquam
1347 3668 1407 3724 in
1437 3665 1729 3724 montibus
1754 3684 1959 3723 ornum

435 3749 635 3820 Quum
665 3747 813 3805 ferro
841 3748 1085 3805 accisam
1114 3745 1442 3822 crebrisque
1470 3744 1823 3821 bipennibus
1849 3744 2066 3802 instant

433 3829 659 3887 Eruere
685 3824 948 3901 agricolae
977 3825 1267 3897 certatim3
1309 3824 1410 3883 illa
1434 3843 1615 3901 usque
1644 3824 1910 3897 minatur,

2292 313 2405 369 11}

2272 851 2391 909 590

2150 1218 2165 1225 ‘
2270 1244 2389 1300 sss

2269 1632 2389 1689 600

2269 2023 2389 2079 606

2272 2414 2390 2469 610

2275 2805 2393 2860 615

2277 3196 2395 3253 620

2277 3589 2395 3642 625
