<?xml version="1.0" encoding="UTF-8"?>
<!DOCTYPE html PUBLIC "-//W3C//DTD XHTML 1.0 Transitional//EN"
    "http://www.w3.org/TR/xhtml1/DTD/xhtml1-transitional.dtd">
<html xmlns="http://www.w3.org/1999/xhtml" xml:lang="en" lang="en">
 <head>
  <title>
</title>
<meta http-equiv="Content-Type" content="text/html;charset=utf-8" />
  <meta name='ocr-system' content='tesseract 3.04.00' />
  <meta name='ocr-capabilities' content='ocr_page ocr_carea ocr_par ocr_line ocrx_word'/>
</head>
<body>
  <div class='ocr_page' id='page_1' title='image "./bucolicageorgic00unkngoog_0075.png"; bbox 0 0 2717 4300; ppageno 0'>
   <div class='ocr_carea' id='block_1_1' title="bbox 1244 297 1615 355">
    <p class='ocr_par' dir='ltr' id='par_1_1' title="bbox 1244 297 1615 355">
     <span class='ocr_line' id='line_1_1' title="bbox 1244 297 1615 355; baseline 0.008 -3"><span class='ocrx_word' id='word_1_1' title='bbox 1244 297 1474 354; x_wconf 73' lang='lat' dir='ltr'><strong>LIBER.</strong></span> <span class='ocrx_word' id='word_1_2' title='bbox 1514 298 1566 355; x_wconf 84' lang='grc' dir='ltr'>Π</span> <span class='ocrx_word' id='word_1_3' title='bbox 1575 299 1615 355; x_wconf 82' lang='grc' dir='ltr'><strong>Ι.</strong></span> 
     </span>
    </p>
   </div>
   <div class='ocr_carea' id='block_1_2' title="bbox 450 443 2119 3035">
    <p class='ocr_par' dir='ltr' id='par_1_2' title="bbox 450 443 2119 1919">
     <span class='ocr_line' id='line_1_2' title="bbox 452 443 1873 525; baseline 0.003 -22"><span class='ocrx_word' id='word_1_4' title='bbox 452 447 574 503; x_wconf 89' lang='lat' dir='ltr'><strong>Aut</strong></span> <span class='ocrx_word' id='word_1_5' title='bbox 601 443 709 502; x_wconf 87' lang='lat' dir='ltr'><strong>aris</strong></span> <span class='ocrx_word' id='word_1_6' title='bbox 737 464 963 503; x_wconf 86' lang='lat' dir='ltr'><strong>servare</strong></span> <span class='ocrx_word' id='word_1_7' title='bbox 991 465 1200 520; x_wconf 90' lang='lat' dir='ltr'><strong>sacros,</strong></span> <span class='ocrx_word' id='word_1_8' title='bbox 1230 458 1328 506; x_wconf 88' lang='lat' dir='ltr'><strong>aut</strong></span> <span class='ocrx_word' id='word_1_9' title='bbox 1353 448 1618 505; x_wconf 83' lang='lat' dir='ltr'>scindere</span> <span class='ocrx_word' id='word_1_10' title='bbox 1644 457 1873 525; x_wconf 89' lang='lat' dir='ltr'><strong>terram,</strong></span> 
     </span>
     <span class='ocr_line' id='line_1_3' title="bbox 452 524 1955 603; baseline 0.003 -21"><span class='ocrx_word' id='word_1_11' title='bbox 452 525 536 582; x_wconf 81' lang='lat' dir='ltr'><strong>Et</strong></span> <span class='ocrx_word' id='word_1_12' title='bbox 561 543 828 601; x_wconf 88' lang='lat' dir='ltr'><strong>campum</strong></span> <span class='ocrx_word' id='word_1_13' title='bbox 855 524 1182 583; x_wconf 80' lang='lat' dir='ltr'><strong>horrentem</strong></span> <span class='ocrx_word' id='word_1_14' title='bbox 1208 526 1400 584; x_wconf 82' lang='lat' dir='ltr'><strong>fractis</strong></span> <span class='ocrx_word' id='word_1_15' title='bbox 1426 528 1711 585; x_wconf 87' lang='lat' dir='ltr'><strong>invertere</strong></span> <span class='ocrx_word' id='word_1_16' title='bbox 1738 529 1955 603; x_wconf 84' lang='lat' dir='ltr'><strong>glebis:</strong></span> 
     </span>
     <span class='ocr_line' id='line_1_4' title="bbox 453 604 1917 681; baseline 0.002 -22"><span class='ocrx_word' id='word_1_17' title='bbox 453 604 681 660; x_wconf 80' lang='lat' dir='ltr'><strong>Coetera</strong></span> <span class='ocrx_word' id='word_1_18' title='bbox 704 612 1016 678; x_wconf 87' lang='lat' dir='ltr'><strong>pascuntur</strong></span> <span class='ocrx_word' id='word_1_19' title='bbox 1043 604 1254 662; x_wconf 90' lang='lat' dir='ltr'><strong>virides</strong></span> <span class='ocrx_word' id='word_1_20' title='bbox 1282 615 1539 662; x_wconf 85' lang='lat' dir='ltr'><strong>armenta</strong></span> <span class='ocrx_word' id='word_1_21' title='bbox 1562 624 1667 681; x_wconf 90' lang='lat' dir='ltr'><strong>per</strong></span> <span class='ocrx_word' id='word_1_22' title='bbox 1692 606 1917 664; x_wconf 89' lang='lat' dir='ltr'><strong>herbas.</strong></span> 
     </span>
     <span class='ocr_line' id='line_1_5' title="bbox 455 681 2119 760; baseline 0.004 -23"><span class='ocrx_word' id='word_1_23' title='bbox 455 681 547 738; x_wconf 92' lang='lat' dir='ltr'><strong>Tu</strong></span> <span class='ocrx_word' id='word_1_24' title='bbox 577 701 717 757; x_wconf 93' lang='lat' dir='ltr'><strong>quos</strong></span> <span class='ocrx_word' id='word_1_25' title='bbox 747 682 818 738; x_wconf 88' lang='lat' dir='ltr'><strong>ad</strong></span> <span class='ocrx_word' id='word_1_26' title='bbox 845 682 1096 739; x_wconf 87' lang='lat' dir='ltr'><strong>studium</strong></span> <span class='ocrx_word' id='word_1_27' title='bbox 1126 693 1294 760; x_wconf 90' lang='lat' dir='ltr'><strong>atque</strong></span> <span class='ocrx_word' id='word_1_28' title='bbox 1323 702 1488 741; x_wconf 87' lang='lat' dir='ltr'><strong>usum</strong></span> <span class='ocrx_word' id='word_1_29' title='bbox 1516 683 1787 742; x_wconf 78' lang='lat' dir='ltr'>formabis</span> <span class='ocrx_word' id='word_1_30' title='bbox 1815 691 2119 760; x_wconf 77' lang='lat' dir='ltr'><strong>agrestem,</strong></span> 
     </span>
     <span class='ocr_line' id='line_1_6' title="bbox 451 760 1937 839; baseline 0.003 -23"><span class='ocrx_word' id='word_1_31' title='bbox 451 760 483 816; x_wconf 81' lang='lat' dir='ltr'>J</span> <span class='ocrx_word' id='word_1_32' title='bbox 492 779 582 816; x_wconf 89' lang='lat' dir='ltr'><strong>am</strong></span> <span class='ocrx_word' id='word_1_33' title='bbox 612 760 819 817; x_wconf 90' lang='lat' dir='ltr'><strong>vitulos</strong></span> <span class='ocrx_word' id='word_1_34' title='bbox 846 760 1092 835; x_wconf 85' lang='lat' dir='ltr'><strong>hortare,</strong></span> <span class='ocrx_word' id='word_1_35' title='bbox 1122 763 1389 837; x_wconf 89' lang='lat' dir='ltr'><strong>viamque</strong></span> <span class='ocrx_word' id='word_1_36' title='bbox 1416 762 1614 819; x_wconf 79' lang='lat' dir='ltr'><strong>insiste</strong></span> <span class='ocrx_word' id='word_1_37' title='bbox 1647 764 1937 839; x_wconf 88' lang='lat' dir='ltr'><strong>domandi,</strong></span> 
     </span>
     <span class='ocr_line' id='line_1_7' title="bbox 455 838 1970 917; baseline 0.005 -23"><span class='ocrx_word' id='word_1_38' title='bbox 455 839 613 895; x_wconf 89' lang='lat' dir='ltr'><strong>Dum</strong></span> <span class='ocrx_word' id='word_1_39' title='bbox 642 838 836 895; x_wconf 80' lang='lat' dir='ltr'><strong>faciles</strong></span> <span class='ocrx_word' id='word_1_40' title='bbox 864 839 1041 896; x_wconf 89' lang='lat' dir='ltr'><strong>animi</strong></span> <span class='ocrx_word' id='word_1_41' title='bbox 1057 843 1361 917; x_wconf 88' lang='lat' dir='ltr'><strong>juvenum,</strong></span> <span class='ocrx_word' id='word_1_42' title='bbox 1392 839 1529 896; x_wconf 87' lang='lat' dir='ltr'><strong>dum</strong></span> <span class='ocrx_word' id='word_1_43' title='bbox 1557 841 1786 899; x_wconf 89' lang='lat' dir='ltr'><strong>mobilis</strong></span> <span class='ocrx_word' id='word_1_44' title='bbox 1814 851 1970 900; x_wconf 82' lang='lat' dir='ltr'><strong>aetas.</strong></span> 
     </span>
     <span class='ocr_line' id='line_1_8' title="bbox 452 915 1779 993; baseline 0.002 -19"><span class='ocrx_word' id='word_1_45' title='bbox 452 920 544 974; x_wconf 90' lang='lat' dir='ltr'><strong>Ac</strong></span> <span class='ocrx_word' id='word_1_46' title='bbox 570 915 818 993; x_wconf 68' lang='lat' dir='ltr'><strong>primum</strong></span> <span class='ocrx_word' id='word_1_47' title='bbox 847 917 1011 974; x_wconf 84' lang='lat' dir='ltr'><strong>laxos</strong></span> <span class='ocrx_word' id='word_1_48' title='bbox 1038 919 1199 976; x_wconf 89' lang='lat' dir='ltr'><strong>tenui</strong></span> <span class='ocrx_word' id='word_1_49' title='bbox 1226 918 1299 976; x_wconf 90' lang='lat' dir='ltr'><strong>de</strong></span> <span class='ocrx_word' id='word_1_50' title='bbox 1329 918 1547 976; x_wconf 84' lang='lat' dir='ltr'><strong>vimine</strong></span> <span class='ocrx_word' id='word_1_51' title='bbox 1574 918 1779 976; x_wconf 85' lang='lat' dir='ltr'><strong>circlos</strong></span> 
     </span>
     <span class='ocr_line' id='line_1_9' title="bbox 452 994 1810 1071; baseline 0.001 -17"><span class='ocrx_word' id='word_1_52' title='bbox 452 995 684 1054; x_wconf 83' lang='lat' dir='ltr'><strong>Cervici</strong></span> <span class='ocrx_word' id='word_1_53' title='bbox 712 994 1022 1068; x_wconf 88' lang='lat' dir='ltr'><strong>subnecte;</strong></span> <span class='ocrx_word' id='word_1_54' title='bbox 1064 996 1298 1071; x_wconf 85' lang='lat' dir='ltr'><strong>dehinc,</strong></span> <span class='ocrx_word' id='word_1_55' title='bbox 1329 996 1429 1054; x_wconf 90' lang='lat' dir='ltr'><strong>ubi</strong></span> <span class='ocrx_word' id='word_1_56' title='bbox 1456 997 1636 1054; x_wconf 87' lang='lat' dir='ltr'><strong>libera</strong></span> <span class='ocrx_word' id='word_1_57' title='bbox 1660 998 1810 1055; x_wconf 88' lang='lat' dir='ltr'><strong>colla</strong></span> 
     </span>
     <span class='ocr_line' id='line_1_10' title="bbox 453 1072 1773 1153; baseline 0.004 -23"><span class='ocrx_word' id='word_1_58' title='bbox 453 1074 701 1131; x_wconf 86' lang='lat' dir='ltr'><strong>Servitio</strong></span> <span class='ocrx_word' id='word_1_59' title='bbox 729 1072 1026 1148; x_wconf 65' lang='lat' dir='ltr'><strong>assuerim,</strong></span> <span class='ocrx_word' id='word_1_60' title='bbox 1056 1074 1197 1152; x_wconf 88' lang='lat' dir='ltr'><strong>ipsis</strong></span> <span class='ocrx_word' id='word_1_61' title='bbox 1224 1094 1258 1132; x_wconf 89' lang='lat' dir='ltr'><strong>e</strong></span> <span class='ocrx_word' id='word_1_62' title='bbox 1288 1074 1581 1152; x_wconf 84' lang='lat' dir='ltr'><strong>torquibus</strong></span> <span class='ocrx_word' id='word_1_63' title='bbox 1611 1084 1773 1153; x_wconf 87' lang='lat' dir='ltr'><strong>aptos</strong></span> 
     </span>
     <span class='ocr_line' id='line_1_11' title="bbox 451 1153 2000 1232; baseline 0.003 -23"><span class='ocrx_word' id='word_1_64' title='bbox 451 1153 486 1210; x_wconf 90' lang='lat' dir='ltr'>J</span> <span class='ocrx_word' id='word_1_65' title='bbox 492 1173 638 1229; x_wconf 85' lang='lat' dir='ltr'><strong>unge</strong></span> <span class='ocrx_word' id='word_1_66' title='bbox 666 1170 848 1229; x_wconf 73' lang='lat' dir='ltr'><strong>parce,</strong></span> <span class='ocrx_word' id='word_1_67' title='bbox 879 1162 938 1210; x_wconf 89' lang='lat' dir='ltr'><strong>et</strong></span> <span class='ocrx_word' id='word_1_68' title='bbox 964 1171 1107 1228; x_wconf 87' lang='lat' dir='ltr'><strong>coge</strong></span> <span class='ocrx_word' id='word_1_69' title='bbox 1134 1155 1374 1228; x_wconf 87' lang='lat' dir='ltr'><strong>gradum</strong></span> <span class='ocrx_word' id='word_1_70' title='bbox 1401 1153 1661 1211; x_wconf 84' lang='lat' dir='ltr'><strong>conferre</strong></span> <span class='ocrx_word' id='word_1_71' title='bbox 1681 1157 2000 1232; x_wconf 83' lang='lat' dir='ltr'><strong>juvencos;</strong></span> 
     </span>
     <span class='ocr_line' id='line_1_12' title="bbox 452 1228 1816 1309; baseline 0.002 -21"><span class='ocrx_word' id='word_1_72' title='bbox 452 1234 643 1307; x_wconf 84' lang='lat' dir='ltr'><strong>Atque</strong></span> <span class='ocrx_word' id='word_1_73' title='bbox 672 1232 783 1287; x_wconf 89' lang='lat' dir='ltr'><strong>illis</strong></span> <span class='ocrx_word' id='word_1_74' title='bbox 803 1234 926 1309; x_wconf 88' lang='lat' dir='ltr'><strong>jam</strong></span> <span class='ocrx_word' id='word_1_75' title='bbox 955 1228 1110 1306; x_wconf 72' lang='lat' dir='ltr'><strong>saepe</strong></span> <span class='ocrx_word' id='word_1_76' title='bbox 1143 1241 1279 1289; x_wconf 85' lang='lat' dir='ltr'><strong>rotae</strong></span> <span class='ocrx_word' id='word_1_77' title='bbox 1309 1234 1589 1290; x_wconf 83' lang='lat' dir='ltr'><strong>ducantur</strong></span> <span class='ocrx_word' id='word_1_78' title='bbox 1615 1233 1816 1292; x_wconf 86' lang='lat' dir='ltr'><strong>inanes</strong></span> 
     </span>
     <span class='ocr_line' id='line_1_13' title="bbox 451 1309 1967 1388; baseline 0.001 -19"><span class='ocrx_word' id='word_1_79' title='bbox 451 1310 566 1369; x_wconf 89' lang='lat' dir='ltr'><strong>Per</strong></span> <span class='ocrx_word' id='word_1_80' title='bbox 593 1318 816 1383; x_wconf 86' lang='lat' dir='ltr'><strong>terram,</strong></span> <span class='ocrx_word' id='word_1_81' title='bbox 847 1317 907 1366; x_wconf 88' lang='lat' dir='ltr'><strong>et</strong></span> <span class='ocrx_word' id='word_1_82' title='bbox 933 1328 1160 1367; x_wconf 90' lang='lat' dir='ltr'><strong>summo</strong></span> <span class='ocrx_word' id='word_1_83' title='bbox 1187 1312 1431 1386; x_wconf 82' lang='lat' dir='ltr'><strong>vestigia</strong></span> <span class='ocrx_word' id='word_1_84' title='bbox 1455 1309 1692 1386; x_wconf 88' lang='lat' dir='ltr'><strong>pulvere</strong></span> <span class='ocrx_word' id='word_1_85' title='bbox 1720 1312 1967 1388; x_wconf 79' lang='lat' dir='ltr'><strong>signent.</strong></span> 
     </span>
     <span class='ocr_line' id='line_1_14' title="bbox 452 1387 1856 1465; baseline 0.002 -20"><span class='ocrx_word' id='word_1_86' title='bbox 452 1387 593 1445; x_wconf 76' lang='lat' dir='ltr'><strong>Post</strong></span> <span class='ocrx_word' id='word_1_87' title='bbox 622 1387 809 1446; x_wconf 86' lang='lat' dir='ltr'><strong>valido</strong></span> <span class='ocrx_word' id='word_1_88' title='bbox 836 1389 1028 1445; x_wconf 89' lang='lat' dir='ltr'><strong>nitens</strong></span> <span class='ocrx_word' id='word_1_89' title='bbox 1055 1388 1162 1445; x_wconf 87' lang='lat' dir='ltr'><strong>sub</strong></span> <span class='ocrx_word' id='word_1_90' title='bbox 1188 1390 1446 1465; x_wconf 90' lang='lat' dir='ltr'><strong>pondere</strong></span> <span class='ocrx_word' id='word_1_91' title='bbox 1471 1388 1696 1464; x_wconf 81' lang='lat' dir='ltr'><strong>faginus</strong></span> <span class='ocrx_word' id='word_1_92' title='bbox 1724 1391 1856 1448; x_wconf 84' lang='lat' dir='ltr'><strong>axis&#39;</strong></span> 
     </span>
     <span class='ocr_line' id='line_1_15' title="bbox 455 1466 1908 1544; baseline 0.003 -21"><span class='ocrx_word' id='word_1_93' title='bbox 455 1466 753 1542; x_wconf 76' lang='lat' dir='ltr'><strong>instrepat,</strong></span> <span class='ocrx_word' id='word_1_94' title='bbox 783 1476 842 1523; x_wconf 91' lang='lat' dir='ltr'><strong>et</strong></span> <span class='ocrx_word' id='word_1_95' title='bbox 857 1469 1092 1544; x_wconf 88' lang='lat' dir='ltr'><strong>junctos</strong></span> <span class='ocrx_word' id='word_1_96' title='bbox 1118 1477 1274 1525; x_wconf 91' lang='lat' dir='ltr'><strong>temo</strong></span> <span class='ocrx_word' id='word_1_97' title='bbox 1301 1468 1488 1525; x_wconf 88' lang='lat' dir='ltr'><strong>trahat</strong></span> <span class='ocrx_word' id='word_1_98' title='bbox 1513 1485 1696 1525; x_wconf 84' lang='lat' dir='ltr'><strong>aereus</strong></span> <span class='ocrx_word' id='word_1_99' title='bbox 1722 1467 1908 1527; x_wconf 88' lang='lat' dir='ltr'><strong>orbes.</strong></span> 
     </span>
     <span class='ocr_line' id='line_1_16' title="bbox 452 1543 1862 1623; baseline 0.002 -22"><span class='ocrx_word' id='word_1_100' title='bbox 452 1546 683 1603; x_wconf 84' lang='lat' dir='ltr'><strong>Interea</strong></span> <span class='ocrx_word' id='word_1_101' title='bbox 706 1543 845 1622; x_wconf 90' lang='lat' dir='ltr'><strong>pubi</strong></span> <span class='ocrx_word' id='word_1_102' title='bbox 873 1545 1165 1605; x_wconf 85' lang='lat' dir='ltr'><strong>indomitae</strong></span> <span class='ocrx_word' id='word_1_103' title='bbox 1194 1565 1310 1603; x_wconf 91' lang='lat' dir='ltr'><strong>non</strong></span> <span class='ocrx_word' id='word_1_104' title='bbox 1337 1546 1596 1621; x_wconf 84' lang='lat' dir='ltr'><strong>gramina</strong></span> <span class='ocrx_word' id='word_1_105' title='bbox 1621 1544 1862 1623; x_wconf 66' lang='lat' dir='ltr'><strong>tantum,</strong></span> 
     </span>
     <span class='ocr_line' id='line_1_17' title="bbox 450 1624 2052 1702; baseline 0.001 -20"><span class='ocrx_word' id='word_1_106' title='bbox 450 1624 512 1682; x_wconf 95' lang='lat' dir='ltr'>N</span> <span class='ocrx_word' id='word_1_107' title='bbox 516 1643 584 1681; x_wconf 90' lang='lat' dir='ltr'><strong>ec</strong></span> <span class='ocrx_word' id='word_1_108' title='bbox 610 1642 809 1681; x_wconf 79' lang='lat' dir='ltr'><strong>vescas</strong></span> <span class='ocrx_word' id='word_1_109' title='bbox 835 1624 1076 1681; x_wconf 88' lang='lat' dir='ltr'><strong>salicum</strong></span> <span class='ocrx_word' id='word_1_110' title='bbox 1104 1624 1357 1699; x_wconf 75' lang='lat' dir='ltr'><strong>frondeS,</strong></span> <span class='ocrx_word' id='word_1_111' title='bbox 1387 1625 1693 1701; x_wconf 80' lang='lat' dir='ltr'><strong>ulvamque</strong></span> <span class='ocrx_word' id='word_1_112' title='bbox 1761 1625 2052 1702; x_wconf 88' lang='lat' dir='ltr'><strong>alustrem,</strong></span> 
     </span>
     <span class='ocr_line' id='line_1_18' title="bbox 450 1645 1977 1780; baseline 0.001 -20"><span class='ocrx_word' id='word_1_113' title='bbox 450 1703 571 1760; x_wconf 86' lang='lat' dir='ltr'><strong>Sed</strong></span> <span class='ocrx_word' id='word_1_114' title='bbox 599 1702 881 1760; x_wconf 83' lang='lat' dir='ltr'><strong>frumenta</strong></span> <span class='ocrx_word' id='word_1_115' title='bbox 906 1721 1077 1760; x_wconf 87' lang='lat' dir='ltr'><strong>manu</strong></span> <span class='ocrx_word' id='word_1_116' title='bbox 1106 1722 1306 1780; x_wconf 86' lang='lat' dir='ltr'><strong>carpes</strong></span> <span class='ocrx_word' id='word_1_117' title='bbox 1330 1713 1492 1762; x_wconf 85' lang='lat' dir='ltr'><strong>sata:</strong></span> <span class='ocrx_word' id='word_1_118' title='bbox 1535 1722 1645 1763; x_wconf 86' lang='lat' dir='ltr'><strong>nec</strong></span> <span class='ocrx_word' id='word_1_119' title='bbox 1672 1645 1777 1761; x_wconf 56' lang='lat' dir='ltr'><strong>rigi</strong></span> <span class='ocrx_word' id='word_1_120' title='bbox 1802 1704 1977 1779; x_wconf 82' lang='lat' dir='ltr'><strong>foetae,</strong></span> 
     </span>
     <span class='ocr_line' id='line_1_19' title="bbox 453 1781 2047 1857; baseline 0.003 -19"><span class='ocrx_word' id='word_1_121' title='bbox 453 1782 622 1838; x_wconf 88' lang='lat' dir='ltr'><strong>More</strong></span> <span class='ocrx_word' id='word_1_122' title='bbox 647 1789 891 1857; x_wconf 88' lang='lat' dir='ltr'><strong>patrum,</strong></span> <span class='ocrx_word' id='word_1_123' title='bbox 919 1781 1091 1838; x_wconf 86' lang='lat' dir='ltr'><strong>nivea</strong></span> <span class='ocrx_word' id='word_1_124' title='bbox 1115 1781 1440 1857; x_wconf 86' lang='lat' dir='ltr'><strong>implebunt</strong></span> <span class='ocrx_word' id='word_1_125' title='bbox 1464 1781 1789 1841; x_wconf 81' lang='lat' dir='ltr'><strong>mulctraria</strong></span> <span class='ocrx_word' id='word_1_126' title='bbox 1812 1801 2047 1857; x_wconf 64' lang='grc' dir='ltr'><strong>ποθεῖ</strong></span> 
     </span>
     <span class='ocr_line' id='line_1_20' title="bbox 454 1858 1814 1919; baseline 0.001 -2"><span class='ocrx_word' id='word_1_127' title='bbox 454 1860 572 1917; x_wconf 87' lang='lat' dir='ltr'><strong>Sed</strong></span> <span class='ocrx_word' id='word_1_128' title='bbox 600 1866 721 1918; x_wconf 86' lang='lat' dir='ltr'><strong>tota</strong></span> <span class='ocrx_word' id='word_1_129' title='bbox 743 1858 804 1916; x_wconf 91' lang='lat' dir='ltr'><strong>in</strong></span> <span class='ocrx_word' id='word_1_130' title='bbox 834 1858 1032 1917; x_wconf 88' lang='lat' dir='ltr'><strong>dulces</strong></span> <span class='ocrx_word' id='word_1_131' title='bbox 1059 1871 1404 1919; x_wconf 88' lang='lat' dir='ltr'><strong>consument</strong></span> <span class='ocrx_word' id='word_1_132' title='bbox 1429 1860 1608 1917; x_wconf 88' lang='lat' dir='ltr'><strong>ubera</strong></span> <span class='ocrx_word' id='word_1_133' title='bbox 1631 1869 1814 1919; x_wconf 84' lang='lat' dir='ltr'><strong>natos.</strong></span> 
     </span>
    </p>

    <p class='ocr_par' dir='ltr' id='par_1_3' title="bbox 455 1936 2072 3035">
     <span class='ocr_line' id='line_1_21' title="bbox 534 1936 2058 2016; baseline 0.003 -22"><span class='ocrx_word' id='word_1_134' title='bbox 534 1936 637 1995; x_wconf 88' lang='lat' dir='ltr'><strong>Sin</strong></span> <span class='ocrx_word' id='word_1_135' title='bbox 667 1937 739 1994; x_wconf 86' lang='lat' dir='ltr'><strong>ad</strong></span> <span class='ocrx_word' id='word_1_136' title='bbox 764 1936 920 1995; x_wconf 86' lang='lat' dir='ltr'><strong>bella</strong></span> <span class='ocrx_word' id='word_1_137' title='bbox 944 1936 1128 2013; x_wconf 85' lang='lat' dir='ltr'><strong>magis</strong></span> <span class='ocrx_word' id='word_1_138' title='bbox 1155 1939 1430 2013; x_wconf 88' lang='lat' dir='ltr'><strong>studium,</strong></span> <span class='ocrx_word' id='word_1_139' title='bbox 1458 1946 1789 2016; x_wconf 84' lang='lat' dir='ltr'><strong>turmasque</strong></span> <span class='ocrx_word' id='word_1_140' title='bbox 1815 1938 2058 2016; x_wconf 81' lang='lat' dir='ltr'><strong>feroces,</strong></span> 
     </span>
     <span class='ocr_line' id='line_1_22' title="bbox 458 2017 1710 2095; baseline -0.001 -19"><span class='ocrx_word' id='word_1_141' title='bbox 458 2021 581 2076; x_wconf 86' lang='lat' dir='ltr'><strong>Aut</strong></span> <span class='ocrx_word' id='word_1_142' title='bbox 608 2019 833 2095; x_wconf 88' lang='lat' dir='ltr'><strong>Alphea</strong></span> <span class='ocrx_word' id='word_1_143' title='bbox 861 2017 998 2075; x_wconf 88' lang='lat' dir='ltr'><strong>rotis</strong></span> <span class='ocrx_word' id='word_1_144' title='bbox 1024 2017 1254 2092; x_wconf 82' lang='lat' dir='ltr'><strong>praelabi</strong></span> <span class='ocrx_word' id='word_1_145' title='bbox 1282 2017 1517 2077; x_wconf 89' lang='lat' dir='ltr'><strong>fiumina</strong></span> <span class='ocrx_word' id='word_1_146' title='bbox 1543 2018 1710 2091; x_wconf 82' lang='lat' dir='ltr'><strong>Pisae,</strong></span> 
     </span>
     <span class='ocr_line' id='line_1_23' title="bbox 460 2096 1750 2171; baseline -0.001 -16"><span class='ocrx_word' id='word_1_147' title='bbox 460 2096 535 2155; x_wconf 89' lang='lat' dir='ltr'><strong>Et</strong></span> <span class='ocrx_word' id='word_1_148' title='bbox 559 2097 715 2156; x_wconf 84' lang='lat' dir='ltr'><strong>Jovis</strong></span> <span class='ocrx_word' id='word_1_149' title='bbox 742 2096 801 2154; x_wconf 91' lang='lat' dir='ltr'><strong>in</strong></span> <span class='ocrx_word' id='word_1_150' title='bbox 829 2096 959 2153; x_wconf 89' lang='lat' dir='ltr'><strong>luco</strong></span> <span class='ocrx_word' id='word_1_151' title='bbox 988 2114 1188 2155; x_wconf 88' lang='lat' dir='ltr'><strong>currus</strong></span> <span class='ocrx_word' id='word_1_152' title='bbox 1216 2096 1432 2171; x_wconf 86' lang='lat' dir='ltr'><strong>agitare</strong></span> <span class='ocrx_word' id='word_1_153' title='bbox 1458 2096 1750 2169; x_wconf 82' lang='lat' dir='ltr'><strong>volantes3</strong></span> 
     </span>
     <span class='ocr_line' id='line_1_24' title="bbox 458 2174 1978 2251; baseline 0.001 -18"><span class='ocrx_word' id='word_1_154' title='bbox 458 2175 682 2233; x_wconf 86' lang='lat' dir='ltr'><strong>Primus</strong></span> <span class='ocrx_word' id='word_1_155' title='bbox 708 2175 836 2251; x_wconf 89' lang='lat' dir='ltr'><strong>equi</strong></span> <span class='ocrx_word' id='word_1_156' title='bbox 864 2175 1020 2232; x_wconf 88' lang='lat' dir='ltr'><strong>labor</strong></span> <span class='ocrx_word' id='word_1_157' title='bbox 1046 2186 1137 2231; x_wconf 88' lang='lat' dir='ltr'><strong>est</strong></span> <span class='ocrx_word' id='word_1_158' title='bbox 1160 2174 1380 2231; x_wconf 77' lang='lat' dir='ltr'><strong>aninfos</strong></span> <span class='ocrx_word' id='word_1_159' title='bbox 1406 2185 1573 2249; x_wconf 85' lang='lat' dir='ltr'><strong>atque</strong></span> <span class='ocrx_word' id='word_1_160' title='bbox 1603 2194 1760 2232; x_wconf 91' lang='lat' dir='ltr'><strong>arma</strong></span> <span class='ocrx_word' id='word_1_161' title='bbox 1784 2176 1978 2234; x_wconf 82' lang='lat' dir='ltr'><strong>videre</strong></span> 
     </span>
     <span class='ocr_line' id='line_1_25' title="bbox 458 2251 1949 2327; baseline -0.001 -16"><span class='ocrx_word' id='word_1_162' title='bbox 458 2253 798 2325; x_wconf 76' lang='lat' dir='ltr'><strong>Bellantfim,</strong></span> <span class='ocrx_word' id='word_1_163' title='bbox 826 2253 1106 2326; x_wconf 88' lang='lat' dir='ltr'><strong>lituosque</strong></span> <span class='ocrx_word' id='word_1_164' title='bbox 1133 2251 1269 2327; x_wconf 88' lang='lat' dir='ltr'><strong>pati,</strong></span> <span class='ocrx_word' id='word_1_165' title='bbox 1297 2262 1597 2327; x_wconf 88' lang='lat' dir='ltr'><strong>tractuque</strong></span> <span class='ocrx_word' id='word_1_166' title='bbox 1624 2265 1949 2327; x_wconf 85' lang='lat' dir='ltr'><strong>gementem</strong></span> 
     </span>
     <span class='ocr_line' id='line_1_26' title="bbox 459 2329 1965 2403; baseline 0 -15"><span class='ocrx_word' id='word_1_167' title='bbox 459 2332 634 2389; x_wconf 91' lang='lat' dir='ltr'><strong>Ferre</strong></span> <span class='ocrx_word' id='word_1_168' title='bbox 662 2343 858 2403; x_wconf 87' lang='lat' dir='ltr'><strong>rotam,</strong></span> <span class='ocrx_word' id='word_1_169' title='bbox 886 2344 945 2389; x_wconf 93' lang='lat' dir='ltr'><strong>et</strong></span> <span class='ocrx_word' id='word_1_170' title='bbox 970 2331 1194 2389; x_wconf 85' lang='lat' dir='ltr'><strong>stabulo</strong></span> <span class='ocrx_word' id='word_1_171' title='bbox 1220 2330 1423 2387; x_wconf 76' lang='lat' dir='ltr'><strong>fraenos</strong></span> <span class='ocrx_word' id='word_1_172' title='bbox 1452 2329 1650 2389; x_wconf 83' lang='lat' dir='ltr'><strong>audire</strong></span> <span class='ocrx_word' id='word_1_173' title='bbox 1677 2342 1965 2403; x_wconf 86' lang='lat' dir='ltr'><strong>sonantes,</strong></span> 
     </span>
     <span class='ocr_line' id='line_1_27' title="bbox 459 2406 2072 2486; baseline 0 -19"><span class='ocrx_word' id='word_1_174' title='bbox 459 2411 612 2467; x_wconf 87' lang='lat' dir='ltr'><strong>Tum</strong></span> <span class='ocrx_word' id='word_1_175' title='bbox 643 2408 824 2486; x_wconf 81' lang='lat' dir='ltr'><strong>magis</strong></span> <span class='ocrx_word' id='word_1_176' title='bbox 851 2422 1017 2484; x_wconf 89' lang='lat' dir='ltr'><strong>atque</strong></span> <span class='ocrx_word' id='word_1_177' title='bbox 1044 2406 1228 2483; x_wconf 83' lang='lat' dir='ltr'><strong>magis</strong></span> <span class='ocrx_word' id='word_1_178' title='bbox 1256 2408 1480 2466; x_wconf 81' lang='lat' dir='ltr'><strong>blandis</strong></span> <span class='ocrx_word' id='word_1_179' title='bbox 1506 2410 1757 2484; x_wconf 86' lang='lat' dir='ltr'><strong>gaudere</strong></span> <span class='ocrx_word' id='word_1_180' title='bbox 1785 2410 2072 2485; x_wconf 68' lang='lat' dir='ltr'><strong>magistri,</strong></span> 
     </span>
     <span class='ocr_line' id='line_1_28' title="bbox 456 2487 1868 2563; baseline -0.001 -16"><span class='ocrx_word' id='word_1_181' title='bbox 456 2489 769 2560; x_wconf 75' lang='lat' dir='ltr'><strong>LaudibuS,</strong></span> <span class='ocrx_word' id='word_1_182' title='bbox 793 2500 851 2544; x_wconf 89' lang='lat' dir='ltr'><strong>et</strong></span> <span class='ocrx_word' id='word_1_183' title='bbox 879 2488 1089 2563; x_wconf 83' lang='lat' dir='ltr'><strong>plausae</strong></span> <span class='ocrx_word' id='word_1_184' title='bbox 1118 2487 1364 2544; x_wconf 89' lang='lat' dir='ltr'><strong>sonitum</strong></span> <span class='ocrx_word' id='word_1_185' title='bbox 1392 2488 1631 2545; x_wconf 89' lang='lat' dir='ltr'><strong>cervicis</strong></span> <span class='ocrx_word' id='word_1_186' title='bbox 1659 2506 1868 2546; x_wconf 85' lang='lat' dir='ltr'><strong>amare.</strong></span> 
     </span>
     <span class='ocr_line' id='line_1_29' title="bbox 457 2565 1974 2643; baseline -0.001 -19"><span class='ocrx_word' id='word_1_187' title='bbox 457 2568 648 2643; x_wconf 89' lang='lat' dir='ltr'><strong>Atque</strong></span> <span class='ocrx_word' id='word_1_188' title='bbox 680 2568 802 2623; x_wconf 70' lang='lat' dir='ltr'><strong>haec</strong></span> <span class='ocrx_word' id='word_1_189' title='bbox 822 2567 943 2641; x_wconf 89' lang='lat' dir='ltr'><strong>jam</strong></span> <span class='ocrx_word' id='word_1_190' title='bbox 970 2566 1150 2641; x_wconf 90' lang='lat' dir='ltr'><strong>primo</strong></span> <span class='ocrx_word' id='word_1_191' title='bbox 1176 2565 1445 2640; x_wconf 89' lang='lat' dir='ltr'><strong>depulsus</strong></span> <span class='ocrx_word' id='word_1_192' title='bbox 1474 2566 1545 2623; x_wconf 89' lang='lat' dir='ltr'><strong>ab</strong></span> <span class='ocrx_word' id='word_1_193' title='bbox 1573 2567 1750 2625; x_wconf 88' lang='lat' dir='ltr'><strong>ubere</strong></span> <span class='ocrx_word' id='word_1_194' title='bbox 1780 2566 1974 2626; x_wconf 87' lang='lat' dir='ltr'><strong>matris</strong></span> 
     </span>
     <span class='ocr_line' id='line_1_30' title="bbox 456 2644 1948 2721; baseline -0.001 -19"><span class='ocrx_word' id='word_1_195' title='bbox 456 2646 706 2717; x_wconf 81' lang='lat' dir='ltr'><strong>Audeat,</strong></span> <span class='ocrx_word' id='word_1_196' title='bbox 736 2646 904 2721; x_wconf 89' lang='lat' dir='ltr'><strong>inque</strong></span> <span class='ocrx_word' id='word_1_197' title='bbox 932 2645 1117 2701; x_wconf 84' lang='lat' dir='ltr'><strong>vicem</strong></span> <span class='ocrx_word' id='word_1_198' title='bbox 1147 2644 1243 2700; x_wconf 89' lang='lat' dir='ltr'><strong>det</strong></span> <span class='ocrx_word' id='word_1_199' title='bbox 1270 2645 1536 2702; x_wconf 88' lang='lat' dir='ltr'><strong>mollibus</strong></span> <span class='ocrx_word' id='word_1_200' title='bbox 1561 2665 1660 2703; x_wconf 88' lang='lat' dir='ltr'><strong>ora</strong></span> <span class='ocrx_word' id='word_1_201' title='bbox 1688 2645 1948 2721; x_wconf 87' lang='lat' dir='ltr'><strong>capistris</strong></span> 
     </span>
     <span class='ocr_line' id='line_1_31' title="bbox 456 2722 1970 2798; baseline 0.001 -18"><span class='ocrx_word' id='word_1_202' title='bbox 456 2722 767 2790; x_wconf 85' lang='lat' dir='ltr'><strong>Invalidus‚</strong></span> <span class='ocrx_word' id='word_1_203' title='bbox 797 2725 1079 2798; x_wconf 88' lang='lat' dir='ltr'><strong>etiamque</strong></span> <span class='ocrx_word' id='word_1_204' title='bbox 1106 2734 1377 2789; x_wconf 77' lang='lat' dir='ltr'><strong>tremens,</strong></span> <span class='ocrx_word' id='word_1_205' title='bbox 1405 2724 1574 2780; x_wconf 89' lang='lat' dir='ltr'><strong>etiam</strong></span> <span class='ocrx_word' id='word_1_206' title='bbox 1604 2724 1821 2782; x_wconf 86' lang='lat' dir='ltr'><strong>inscius</strong></span> <span class='ocrx_word' id='word_1_207' title='bbox 1849 2723 1970 2781; x_wconf 81' lang='lat' dir='ltr'><strong>aevi.</strong></span> 
     </span>
     <span class='ocr_line' id='line_1_32' title="bbox 455 2801 1918 2875; baseline 0.001 -16"><span class='ocrx_word' id='word_1_208' title='bbox 455 2805 555 2874; x_wconf 88' lang='lat' dir='ltr'><strong>At,</strong></span> <span class='ocrx_word' id='word_1_209' title='bbox 583 2804 763 2859; x_wconf 89' lang='lat' dir='ltr'><strong>tribus</strong></span> <span class='ocrx_word' id='word_1_210' title='bbox 789 2801 1022 2872; x_wconf 81' lang='lat' dir='ltr'><strong>exactis,</strong></span> <span class='ocrx_word' id='word_1_211' title='bbox 1050 2801 1147 2858; x_wconf 90' lang='lat' dir='ltr'><strong>ubi</strong></span> <span class='ocrx_word' id='word_1_212' title='bbox 1177 2812 1376 2875; x_wconf 84' lang='lat' dir='ltr'><strong>quarta</strong></span> <span class='ocrx_word' id='word_1_213' title='bbox 1406 2803 1708 2860; x_wconf 86' lang='lat' dir='ltr'><strong>accesserit</strong></span> <span class='ocrx_word' id='word_1_214' title='bbox 1734 2815 1918 2874; x_wconf 70' lang='lat' dir='ltr'><strong>testas,</strong></span> 
     </span>
     <span class='ocr_line' id='line_1_33' title="bbox 455 2879 2000 2957; baseline -0.001 -19"><span class='ocrx_word' id='word_1_215' title='bbox 455 2881 702 2955; x_wconf 85' lang='lat' dir='ltr'><strong>Carpere</strong></span> <span class='ocrx_word' id='word_1_216' title='bbox 731 2899 860 2938; x_wconf 85' lang='lat' dir='ltr'><strong>mox</strong></span> <span class='ocrx_word' id='word_1_217' title='bbox 887 2899 1088 2956; x_wconf 86' lang='lat' dir='ltr'><strong>gyrum</strong></span> <span class='ocrx_word' id='word_1_218' title='bbox 1115 2879 1368 2954; x_wconf 86' lang='lat' dir='ltr'><strong>incipiat,</strong></span> <span class='ocrx_word' id='word_1_219' title='bbox 1397 2881 1774 2957; x_wconf 86' lang='lat' dir='ltr'><strong>gradibusque</strong></span> <span class='ocrx_word' id='word_1_220' title='bbox 1798 2898 2000 2937; x_wconf 83' lang='lat' dir='ltr'><strong>sonare</strong></span> 
     </span>
     <span class='ocr_line' id='line_1_34' title="bbox 457 2956 1976 3035; baseline -0.001 -19"><span class='ocrx_word' id='word_1_221' title='bbox 457 2959 818 3034; x_wconf 74' lang='lat' dir='ltr'><strong>CompositiS,</strong></span> <span class='ocrx_word' id='word_1_222' title='bbox 847 2960 1146 3035; x_wconf 85' lang='lat' dir='ltr'><strong>sinuetque</strong></span> <span class='ocrx_word' id='word_1_223' title='bbox 1175 2956 1390 3015; x_wconf 80' lang='lat' dir='ltr'><strong>alterna</strong></span> <span class='ocrx_word' id='word_1_224' title='bbox 1413 2958 1700 3015; x_wconf 86' lang='lat' dir='ltr'><strong>volumina</strong></span> <span class='ocrx_word' id='word_1_225' title='bbox 1727 2977 1976 3028; x_wconf 87' lang='lat' dir='ltr'><strong>crurum,</strong></span> 
     </span>
    </p>
   </div>
   <div class='ocr_carea' id='block_1_3' title="bbox 352 3036 1858 3112">
    <p class='ocr_par' dir='ltr' id='par_1_4' title="bbox 352 3036 1858 3112">
     <span class='ocr_line' id='line_1_35' title="bbox 352 3036 1858 3112; baseline 0.001 -19"><span class='ocrx_word' id='word_1_226' title='bbox 352 3051 359 3052; x_wconf 48' lang='lat'><em>⁷</em></span> <span class='ocrx_word' id='word_1_227' title='bbox 458 3038 653 3112; x_wconf 86' lang='lat' dir='ltr'><strong>Sitque</strong></span> <span class='ocrx_word' id='word_1_228' title='bbox 682 3037 955 3095; x_wconf 84' lang='lat' dir='ltr'><strong>laboranti</strong></span> <span class='ocrx_word' id='word_1_229' title='bbox 982 3036 1180 3093; x_wconf 86' lang='lat' dir='ltr'><strong>similis</strong></span> <span class='ocrx_word' id='word_1_230' title='bbox 1197 3054 1212 3104; x_wconf 85' lang='lat'>;</span> <span class='ocrx_word' id='word_1_231' title='bbox 1242 3046 1376 3091; x_wconf 89' lang='lat' dir='ltr'><strong>-tum</strong></span> <span class='ocrx_word' id='word_1_232' title='bbox 1404 3038 1663 3093; x_wconf 88' lang='lat' dir='ltr'><strong>cursibus</strong></span> <span class='ocrx_word' id='word_1_233' title='bbox 1693 3056 1858 3094; x_wconf 89' lang='lat' dir='ltr'><strong>auras</strong></span> 
     </span>
    </p>
   </div>
   <div class='ocr_carea' id='block_1_4' title="bbox 453 3114 2132 3898">
    <p class='ocr_par' dir='ltr' id='par_1_5' title="bbox 456 3114 2132 3189">
     <span class='ocr_line' id='line_1_36' title="bbox 456 3114 2132 3189; baseline -0.001 -17"><span class='ocrx_word' id='word_1_234' title='bbox 456 3116 610 3172; x_wconf 89' lang='lat' dir='ltr'><strong>Tum</strong></span> <span class='ocrx_word' id='word_1_235' title='bbox 640 3127 839 3185; x_wconf 82' lang='lat' dir='ltr'><strong>vocet3</strong></span> <span class='ocrx_word' id='word_1_236' title='bbox 880 3134 950 3173; x_wconf 84' lang='lat' dir='ltr'><strong>ac</strong></span> <span class='ocrx_word' id='word_1_237' title='bbox 978 3132 1077 3189; x_wconf 90' lang='lat' dir='ltr'><strong>per</strong></span> <span class='ocrx_word' id='word_1_238' title='bbox 1104 3122 1296 3187; x_wconf 85' lang='lat' dir='ltr'><strong>aperta</strong></span> <span class='ocrx_word' id='word_1_239' title='bbox 1324 3114 1536 3185; x_wconf 88' lang='lat' dir='ltr'><strong>volans,</strong></span> <span class='ocrx_word' id='word_1_240' title='bbox 1567 3134 1674 3172; x_wconf 83' lang='lat' dir='ltr'><strong>ceu</strong></span> <span class='ocrx_word' id='word_1_241' title='bbox 1703 3116 1844 3173; x_wconf 90' lang='lat' dir='ltr'><strong>liber</strong></span> <span class='ocrx_word' id='word_1_242' title='bbox 1871 3114 2132 3186; x_wconf 87' lang='lat' dir='ltr'><strong>habenis,</strong></span> 
     </span>
    </p>

    <p class='ocr_par' dir='ltr' id='par_1_6' title="bbox 457 3190 1789 3268">
     <span class='ocr_line' id='line_1_37' title="bbox 457 3190 1789 3268; baseline 0 -19"><span class='ocrx_word' id='word_1_243' title='bbox 457 3195 726 3268; x_wconf 87' lang='lat' dir='ltr'><strong>AEquora‚</strong></span> <span class='ocrx_word' id='word_1_244' title='bbox 757 3195 847 3250; x_wconf 86' lang='lat' dir='ltr'><strong>vix</strong></span> <span class='ocrx_word' id='word_1_245' title='bbox 875 3193 1098 3250; x_wconf 65' lang='lat' dir='ltr'><strong>summa</strong></span> <span class='ocrx_word' id='word_1_246' title='bbox 1126 3190 1365 3265; x_wconf 86' lang='lat' dir='ltr'><strong>vestigia</strong></span> <span class='ocrx_word' id='word_1_247' title='bbox 1390 3193 1789 3266; x_wconf 70' lang='lat' dir='ltr'><strong>ponatarenii.</strong></span> 
     </span>
    </p>

    <p class='ocr_par' dir='ltr' id='par_1_7' title="bbox 454 3268 1999 3347">
     <span class='ocr_line' id='line_1_38' title="bbox 454 3268 1999 3347; baseline -0.004 -14"><span class='ocrx_word' id='word_1_248' title='bbox 454 3272 663 3333; x_wconf 78' lang='lat' dir='ltr'><strong>Qualis</strong></span> <span class='ocrx_word' id='word_1_249' title='bbox 692 3271 1077 3347; x_wconf 89' lang='lat' dir='ltr'><strong>Hyperboreis</strong></span> <span class='ocrx_word' id='word_1_250' title='bbox 1104 3268 1318 3343; x_wconf 91' lang='lat' dir='ltr'><strong>Aquilo</strong></span> <span class='ocrx_word' id='word_1_251' title='bbox 1343 3288 1518 3343; x_wconf 89' lang='lat' dir='ltr'><strong>quum</strong></span> <span class='ocrx_word' id='word_1_252' title='bbox 1547 3273 1759 3328; x_wconf 87' lang='lat' dir='ltr'><strong>densus</strong></span> <span class='ocrx_word' id='word_1_253' title='bbox 1788 3272 1860 3326; x_wconf 88' lang='lat' dir='ltr'><strong>ab</strong></span> <span class='ocrx_word' id='word_1_254' title='bbox 1885 3270 1999 3327; x_wconf 89' lang='lat' dir='ltr'><strong>oris</strong></span> 
     </span>
    </p>

    <p class='ocr_par' dir='ltr' id='par_1_8' title="bbox 456 3347 1977 3424">
     <span class='ocr_line' id='line_1_39' title="bbox 456 3347 1977 3424; baseline -0.001 -18"><span class='ocrx_word' id='word_1_255' title='bbox 456 3350 743 3421; x_wconf 88' lang='lat' dir='ltr'><strong>Incubuit,</strong></span> <span class='ocrx_word' id='word_1_256' title='bbox 774 3349 1135 3424; x_wconf 80' lang='lat' dir='ltr'><strong>Scythioeque</strong></span> <span class='ocrx_word' id='word_1_257' title='bbox 1165 3347 1381 3404; x_wconf 86' lang='lat' dir='ltr'><strong>hiemes</strong></span> <span class='ocrx_word' id='word_1_258' title='bbox 1410 3359 1574 3422; x_wconf 88' lang='lat' dir='ltr'><strong>atque</strong></span> <span class='ocrx_word' id='word_1_259' title='bbox 1602 3349 1765 3408; x_wconf 88' lang='lat' dir='ltr'><strong>arida</strong></span> <span class='ocrx_word' id='word_1_260' title='bbox 1789 3348 1977 3405; x_wconf 84' lang='lat' dir='ltr'><strong>differt</strong></span> 
     </span>
    </p>

    <p class='ocr_par' dir='ltr' id='par_1_9' title="bbox 454 3425 1891 3503">
     <span class='ocr_line' id='line_1_40' title="bbox 454 3425 1891 3503; baseline -0.003 -19"><span class='ocrx_word' id='word_1_261' title='bbox 454 3428 667 3486; x_wconf 86' lang='lat' dir='ltr'><strong>Nubila</strong></span> <span class='ocrx_word' id='word_1_262' title='bbox 691 3448 704 3487; x_wconf 73' lang='grc' dir='ltr'><strong><em>ε</em></strong></span> <span class='ocrx_word' id='word_1_263' title='bbox 747 3439 866 3485; x_wconf 89' lang='lat' dir='ltr'><strong>tum</strong></span> <span class='ocrx_word' id='word_1_264' title='bbox 897 3439 1119 3503; x_wconf 89' lang='lat' dir='ltr'><strong>segetes</strong></span> <span class='ocrx_word' id='word_1_265' title='bbox 1148 3425 1600 3500; x_wconf 63' lang='lat' dir='ltr'><strong>altat-campique</strong></span> <span class='ocrx_word' id='word_1_266' title='bbox 1629 3436 1891 3484; x_wconf 86' lang='lat' dir='ltr'><strong>natantes</strong></span> 
     </span>
    </p>

    <p class='ocr_par' dir='ltr' id='par_1_10' title="bbox 454 3502 2016 3579">
     <span class='ocr_line' id='line_1_41' title="bbox 454 3502 2016 3579; baseline -0.001 -16"><span class='ocrx_word' id='word_1_267' title='bbox 454 3507 706 3564; x_wconf 88' lang='lat' dir='ltr'><strong>Lenibus</strong></span> <span class='ocrx_word' id='word_1_268' title='bbox 735 3508 1070 3565; x_wconf 87' lang='lat' dir='ltr'><strong>horrescunt</strong></span> <span class='ocrx_word' id='word_1_269' title='bbox 1097 3502 1319 3574; x_wconf 87' lang='lat' dir='ltr'><strong>flabris,-</strong></span> <span class='ocrx_word' id='word_1_270' title='bbox 1337 3521 1975 3579; x_wconf 78' lang='lat' dir='ltr'><strong>summaequesonorem</strong></span> <span class='ocrx_word' id='word_1_271' title='bbox 2007 3505 2016 3514; x_wconf 88' lang='grc'><strong>“</strong></span> 
     </span>
    </p>

    <p class='ocr_par' dir='ltr' id='par_1_11' title="bbox 453 3580 1929 3659">
     <span class='ocr_line' id='line_1_42' title="bbox 453 3580 1929 3659; baseline -0.001 -17"><span class='ocrx_word' id='word_1_272' title='bbox 453 3584 609 3642; x_wconf 86' lang='lat' dir='ltr'><strong>Dant</strong></span> <span class='ocrx_word' id='word_1_273' title='bbox 636 3586 810 3655; x_wconf 64' lang='lat' dir='ltr'><strong>silvas,</strong></span> <span class='ocrx_word' id='word_1_274' title='bbox 839 3584 1103 3659; x_wconf 84' lang='lat' dir='ltr'><strong>longique</strong></span> <span class='ocrx_word' id='word_1_275' title='bbox 1131 3591 1339 3656; x_wconf 88' lang='lat' dir='ltr'><strong>urgent</strong></span> <span class='ocrx_word' id='word_1_276' title='bbox 1367 3581 1439 3637; x_wconf 88' lang='lat' dir='ltr'><strong>ad</strong></span> <span class='ocrx_word' id='word_1_277' title='bbox 1469 3580 1655 3642; x_wconf 82' lang='lat' dir='ltr'><strong>littora</strong></span> <span class='ocrx_word' id='word_1_278' title='bbox 1683 3581 1891 3640; x_wconf 84' lang='lat' dir='ltr'><strong>fluctus</strong></span> <span class='ocrx_word' id='word_1_279' title='bbox 1914 3603 1929 3640; x_wconf 89' lang='lat'>:</span> 
     </span>
    </p>

    <p class='ocr_par' dir='ltr' id='par_1_12' title="bbox 453 3659 2013 3816">
     <span class='ocr_line' id='line_1_43' title="bbox 453 3659 2013 3736; baseline -0.001 -17"><span class='ocrx_word' id='word_1_280' title='bbox 453 3662 558 3722; x_wconf 87' lang='lat' dir='ltr'><strong>Ille</strong></span> <span class='ocrx_word' id='word_1_281' title='bbox 586 3665 750 3734; x_wconf 87' lang='lat' dir='ltr'><strong>volat,</strong></span> <span class='ocrx_word' id='word_1_282' title='bbox 780 3663 945 3721; x_wconf 87' lang='lat' dir='ltr'><strong>simul</strong></span> <span class='ocrx_word' id='word_1_283' title='bbox 977 3680 1107 3718; x_wconf 85' lang='lat' dir='ltr'><strong>arva</strong></span> <span class='ocrx_word' id='word_1_284' title='bbox 1134 3661 1290 3736; x_wconf 69' lang='lat' dir='ltr'><strong>fuga,</strong></span> <span class='ocrx_word' id='word_1_285' title='bbox 1318 3659 1486 3717; x_wconf 90' lang='lat' dir='ltr'><strong>simul</strong></span> <span class='ocrx_word' id='word_1_286' title='bbox 1516 3679 1740 3736; x_wconf 82' lang='lat' dir='ltr'><strong>aequora</strong></span> <span class='ocrx_word' id='word_1_287' title='bbox 1764 3679 2013 3719; x_wconf 83' lang='lat' dir='ltr'><strong>verrens.</strong></span> 
     </span>
     <span class='ocr_line' id='line_1_44' title="bbox 531 3739 1800 3816; baseline -0.002 -17"><span class='ocrx_word' id='word_1_288' title='bbox 531 3741 649 3799; x_wconf 86' lang='lat' dir='ltr'><strong>Hic</strong></span> <span class='ocrx_word' id='word_1_289' title='bbox 676 3742 763 3799; x_wconf 83' lang='lat' dir='ltr'><strong>vel</strong></span> <span class='ocrx_word' id='word_1_290' title='bbox 791 3740 862 3798; x_wconf 90' lang='lat' dir='ltr'><strong>ad</strong></span> <span class='ocrx_word' id='word_1_291' title='bbox 891 3739 1017 3797; x_wconf 89' lang='lat' dir='ltr'><strong>Elei</strong></span> <span class='ocrx_word' id='word_1_292' title='bbox 1045 3751 1226 3796; x_wconf 87' lang='lat' dir='ltr'><strong>metas</strong></span> <span class='ocrx_word' id='word_1_293' title='bbox 1251 3749 1310 3795; x_wconf 90' lang='lat' dir='ltr'><strong>et</strong></span> <span class='ocrx_word' id='word_1_294' title='bbox 1335 3740 1579 3800; x_wconf 82' lang='lat' dir='ltr'><strong>maxima</strong></span> <span class='ocrx_word' id='word_1_295' title='bbox 1612 3740 1800 3816; x_wconf 87' lang='lat' dir='ltr'><strong>campi</strong></span> 
     </span>
    </p>

    <p class='ocr_par' dir='ltr' id='par_1_13' title="bbox 454 3820 1882 3898">
     <span class='ocr_line' id='line_1_45' title="bbox 454 3820 1882 3898; baseline 0.001 -20"><span class='ocrx_word' id='word_1_296' title='bbox 454 3820 698 3880; x_wconf 82' lang='lat' dir='ltr'><strong>Sudabit</strong></span> <span class='ocrx_word' id='word_1_297' title='bbox 724 3820 923 3898; x_wconf 83' lang='lat' dir='ltr'><strong>spatia,</strong></span> <span class='ocrx_word' id='word_1_298' title='bbox 951 3829 1010 3879; x_wconf 82' lang='lat' dir='ltr'><strong>et</strong></span> <span class='ocrx_word' id='word_1_299' title='bbox 1037 3836 1269 3896; x_wconf 86' lang='lat' dir='ltr'><strong>spumas</strong></span> <span class='ocrx_word' id='word_1_300' title='bbox 1295 3827 1428 3894; x_wconf 83' lang='lat' dir='ltr'><strong>aget</strong></span> <span class='ocrx_word' id='word_1_301' title='bbox 1451 3836 1550 3878; x_wconf 85' lang='lat' dir='ltr'><strong>ore</strong></span> <span class='ocrx_word' id='word_1_302' title='bbox 1576 3829 1844 3879; x_wconf 74' lang='lat' dir='ltr'><strong>cruentas</strong></span> <span class='ocrx_word' id='word_1_303' title='bbox 1866 3835 1882 3887; x_wconf 71' lang='grc' dir='ltr'>ς</span> 
     </span>
    </p>
   </div>
   <div class='ocr_carea' id='block_1_5' title="bbox 2300 302 2415 508">
    <p class='ocr_par' dir='ltr' id='par_1_14' title="bbox 2300 302 2415 508">
     <span class='ocr_line' id='line_1_46' title="bbox 2339 302 2415 358; baseline 0 0"><span class='ocrx_word' id='word_1_304' title='bbox 2339 302 2415 358; x_wconf 73' lang='lat'><strong>⁵⁷</strong></span> 
     </span>
     <span class='ocr_line' id='line_1_47' title="bbox 2300 454 2412 508; baseline 0 0"><span class='ocrx_word' id='word_1_305' title='bbox 2300 454 2412 508; x_wconf 72' lang='lat'><strong>160</strong></span> 
     </span>
    </p>
   </div>
   <div class='ocr_carea' id='block_1_6' title="bbox 2296 845 2409 900">
    <p class='ocr_par' dir='ltr' id='par_1_15' title="bbox 2296 845 2409 900">
     <span class='ocr_line' id='line_1_48' title="bbox 2296 845 2409 900; baseline 0.009 -1"><span class='ocrx_word' id='word_1_306' title='bbox 2296 845 2409 900; x_wconf 75' lang='lat'><strong>165</strong></span> 
     </span>
    </p>
   </div>
   <div class='ocr_carea' id='block_1_7' title="bbox 2291 1232 2409 1290">
    <p class='ocr_par' dir='ltr' id='par_1_16' title="bbox 2291 1232 2409 1290">
     <span class='ocr_line' id='line_1_49' title="bbox 2291 1232 2409 1290; baseline 0 0"><span class='ocrx_word' id='word_1_307' title='bbox 2291 1232 2409 1290; x_wconf 69' lang='lat'><strong>170</strong></span> 
     </span>
    </p>
   </div>
   <div class='ocr_carea' id='block_1_8' title="bbox 2294 1627 2407 1683">
    <p class='ocr_par' dir='ltr' id='par_1_17' title="bbox 2294 1627 2407 1683">
     <span class='ocr_line' id='line_1_50' title="bbox 2294 1627 2407 1683; baseline 0.009 -2"><span class='ocrx_word' id='word_1_308' title='bbox 2294 1627 2407 1683; x_wconf 79' lang='grc'><strong>175</strong></span> 
     </span>
    </p>
   </div>
   <div class='ocr_carea' id='block_1_9' title="bbox 2281 2020 2397 2081">
    <p class='ocr_par' dir='ltr' id='par_1_18' title="bbox 2281 2020 2397 2081">
     <span class='ocr_line' id='line_1_51' title="bbox 2281 2020 2397 2081; baseline 0.009 -1"><span class='ocrx_word' id='word_1_309' title='bbox 2281 2020 2397 2081; x_wconf 82' lang='lat'><strong>18⁰</strong></span> 
     </span>
    </p>
   </div>
   <div class='ocr_carea' id='block_1_10' title="bbox 2280 2411 2396 2471">
    <p class='ocr_par' dir='ltr' id='par_1_19' title="bbox 2280 2411 2396 2471">
     <span class='ocr_line' id='line_1_52' title="bbox 2280 2411 2396 2471; baseline 0.034 -4"><span class='ocrx_word' id='word_1_310' title='bbox 2280 2411 2396 2471; x_wconf 79' lang='lat'><strong>185</strong></span> 
     </span>
    </p>
   </div>
   <div class='ocr_carea' id='block_1_11' title="bbox 2278 2801 2392 2860">
    <p class='ocr_par' dir='ltr' id='par_1_20' title="bbox 2278 2801 2392 2860">
     <span class='ocr_line' id='line_1_53' title="bbox 2278 2801 2392 2860; baseline 0 0"><span class='ocrx_word' id='word_1_311' title='bbox 2278 2801 2392 2860; x_wconf 87' lang='grc'><strong>190</strong></span> 
     </span>
    </p>
   </div>
   <div class='ocr_carea' id='block_1_12' title="bbox 2281 3191 2395 3252">
    <p class='ocr_par' dir='ltr' id='par_1_21' title="bbox 2281 3191 2395 3252">
     <span class='ocr_line' id='line_1_54' title="bbox 2281 3191 2395 3252; baseline -0.018 0"><span class='ocrx_word' id='word_1_312' title='bbox 2281 3191 2395 3252; x_wconf 83' lang='grc'><strong>195</strong></span> 
     </span>
    </p>
   </div>
  </div>
 </body>
</html>
