2717 4300
1194 363 1439 421 LIBER'
1463 364 1533 419 V.
2235 365 2342 422 16³

378 512 429 572 Ο
460 513 704 588 miserae,
734 530 877 589 quas
904 531 1018 569 non
1046 531 1270 586 manus,
1299 513 1506 589 inquit,
1531 512 1796 580 ‚Achaica
1818 511 1974 573 bello

375 593 643 650 Traxerit
671 593 742 649 ad
770 592 969 664 letum,
997 591 1196 667 patriae
1226 590 1331 648 sub
1360 592 1683 649 moenibus!
1727 611 1762 649 o
1789 610 1932 667 gens

378 670 609 740 Infelix,
638 670 734 727 cui
761 678 817 729 te
846 669 1025 727 exitio
1051 669 1280 727 fortuna
1304 672 1589 728 reservat!
2166 728 2171 735 ,
2221 673 2339 728 625

380 749 794 825 Septimapost
821 748 1014 825 Trojoe
1041 748 1333 804 excidium
1353 750 1477 825 Jam
1506 749 1744 807 vertitur
1771 755 1959 824 aestas,

378 828 577 898 Quum
606 827 777 901 freta,
796 846 969 902 quum
998 834 1176 885 terras
1204 845 1424 901 omneS,
1452 834 1538 885 tot
1561 826 1853 903 inhospita
1879 845 2038 901 saxa,

381 907 715 981 Sideraque,
746 923 1000 961 emensae
1024 905 1296 977 ferimur3
1341 905 1480 962 dum
1504 924 1610 981 per
1636 924 1792 963 mare
1820 924 2095 981 magnum

380 984 604 1041 Italiam
633 983 925 1059 sequimur
950 980 1286 1058 fugientem,
1316 991 1376 1040 et
1399 983 1684 1045 volvimur
1708 983 1896 1042 undis.

381 1062 498 1119 Hic
528 1062 733 1138 Erycis
762 1062 907 1118 fines
934 1060 1184 1135 fraterni,
1215 1068 1385 1137 atque
1413 1061 1627 1139 hospes
1653 1062 1934 1121 Acestes·
2216 1061 2337 1119 630

382 1140 540 1211 Quid
567 1139 833 1216 prohibet
859 1158 1051 1196 muros
1069 1140 1286 1217 jacere,
1317 1142 1377 1198 et
1404 1141 1539 1197 dare
1566 1140 1791 1198 civibus
1817 1139 2019 1199 urbem
2042 1142 2066 1198 ?

382 1219 433 1277 O
462 1219 675 1293 patria!
720 1225 780 1275 et
806 1218 952 1294 rapti
980 1218 1372 1293 nequidquam
1400 1238 1476 1275 ex
1503 1218 1671 1276 hoste
1697 1217 1982 1277 Penates!

377 1296 679 1355 Nullane
652 1316 776 1375 Jam
806 1296 1001 1373 Trojae
1030 1295 1292 1354 dicentur
1318 1296 1577 1354 moenia?
1619 1315 1905 1373 nusquam

381 1375 700 1432 Hectoreos
729 1393 950 1448 amnes,
978 1373 1282 1432 Xanthum
1311 1382 1372 1433 et
1398 1375 1718 1449 Simoenta,
1745 1374 2000 1434 videbo?
2260 1422 2263 1425 .

381 1453 540 1523 Quin
570 1453 755 1528 agite,
767 1461 827 1510 et
852 1471 1087 1509 mecum
1113 1452 1392 1510 infaustas
1421 1453 1643 1511 exurite
1669 1472 1914 1531 puppes.
2210 1456 2339 1512 -635
2374 1452 2379 1456 ’

379 1532 534 1590 Nam
564 1532 708 1588 mihi
737 1531 1073 1589 Cassandrae
1100 1542 1207 1608 per
1231 1551 1501 1589 somnum
1526 1532 1672 1591 vatis
1700 1533 1890 1608 imago

379 1610 665 1668 Ardentes
693 1610 827 1666 dare
853 1609 979 1667 visa
1002 1609 1190 1668 faces:
1235 1609 1355 1669 Hic
1384 1611 1623 1686 quaerite
1652 1610 1908 1703 Trojam,

307 1710 314 1714 “
380 1687 499 1746 Hic
529 1689 735 1746 domus
762 1695 868 1762 est,
896 1687 1100 1764 inquit,
1127 1687 1309 1746 vobis.
1391 1689 1426 1746 J
1431 1709 1524 1747 am
1549 1697 1781 1766 tempus
1808 1689 1901 1766 agi
1925 1708 2051 1763 τως

379 1767 441 1826 N
444 1786 511 1824 ec
538 1768 710 1825 tantis
738 1786 898 1823 mora
923 1766 1228 1843 prodigiiS.
1274 1787 1348 1825 en
1377 1775 1620 1844 quatuor
1645 1787 1756 1826 arae

378 1846 695 1923 Neptuno
739 1844 926 1902 deus
909 1864 1034 1922 lpse
1061 1845 1231 1917 faces
1243 1846 1616 1938 animumque
1624 1847 1940 1906 ministrat.
2034 1852 2041 1857 '
2223 1849 2340 1904 640

460 1924 609 1981 Haec
637 1942 978 1999 memorans,
1006 1924 1192 2000 prima
1216 1924 1505 1982 infensum
1533 1924 1594 1984 vi
1621 1925 1853 2001 corripit
1875 1925 2119 2001 ignem,

385 2002 737 2078 Sublataque
764 2002 964 2078 procul
993 2002 1196 2060 dextra
1224 2003 1497 2061 connixa
1502 2012 1785 2080 coruscat,

382 2081 463 2138 Et
480 2080 638 2160 jacit.
721 2080 975 2138 Arrectae
1002 2088 1224 2138 mentes
1254 2082 1685 2160 stupefactaque
1713 2082 1886 2140 corda

384 2160 648 2217 Iliadum.
732 2158 850 2218 Hic
878 2179 994 2217 una
1022 2178 1054 2216 e
1082 2160 1301 2235 multis,
1328 2179 1459 2236 quae
1487 2161 1740 2220 maxima
1763 2169 1923 2238 natu,

381 2238 594 2314 PyrgO,
622 2246 707 2296 tot
731 2238 946 2296 Priami
973 2246 1235 2296 natorum
1264 2239 1422 2313 regia
1448 2239 1675 2297 nutrix:
2223 2244 2341 2298 645

382 2317 521 2376 Non
549 2316 738 2374 Beroe
767 2317 950 2410 vobis,
979 2333 1094 2373 non
1123 2317 1251 2373 haec
1276 2316 1570 2393 Rhoetei‘a,
1599 2324 1829 2393 matres,

384 2396 495 2453 Est
519 2394 759 2472 Dorycli
786 2397 1039 2475 conjux:
1082 2394 1263 2453 divini
1291 2395 1457 2489 signa
1479 2397 1706 2455 decoris

383 2476 783 2550 Ardentesque
809 2481 1001 2532 notate
1029 2473 1262 2531 oculos·
1247 2517 1264 2547 ,
1309 2475 1407 2551 qui
1435 2476 1664 2552 spiritus
1690 2473 1795 2567 illi,
1862 2531 1873 2540 ,

385 2553 504 2623 Qui
529 2552 739 2627 vultus,
768 2552 1001 2611 vocisve
1028 2571 1220 2628 sonus,
1249 2552 1342 2610 vel
1371 2573 1599 2629 gressus
1628 2553 1805 2612 eunti.

387 2631 520 2707 Ipsa
547 2639 780 2707 egomet
805 2631 1019 2690 dudum
1047 2630 1278 2689 Βετοόῃ
1305 2631 1563 2728 digressa
1587 2631 1794 2710 reliqui
1996 2674 2007 2682 -
2226 2636 2345 2691 650

384 2709 643 2787 AEgram,
659 2709 1067 2785 ‘indignantem
1093 2709 1193 2770 tali
1221 2708 1376 2786 quod
1403 2714 1526 2770 sola
1553 2719 1772 2770 careret

384 2789 654 2863 Munere,
683 2806 793 2846 nee
821 2789 1056 2847 meritos
1080 2789 1355 2847 Anchisae
1384 2791 1617 2849 inferret
1642 2790 1909 2849 honoreS.

385 2867 535 2925 Haec
564 2866 750 2925 effata.
967 2887 990 2914 ὰ

384 2946 464 3003 At
490 2953 718 3020 matreS,
745 2939 931 3023 primo
961 2943 1258 3021 ancipites,
1286 2947 1582 3023 oculisque
1610 2946 1875 3022 malignis

385 3023 711 3100 Ambiguae,
742 3031 1000 3100 spectare
1028 3029 1194 3097 rateS,
1223 3024 1495 3084 miserum
1523 3025 1673 3083 inter
1698 3033 1953 3101 amorem
2228 3027 2345 3081 655

384 3102 696 3162 Praesentis
722 3114 905 3177 terrae,
934 3100 1181 3177 fatisque
1206 3104 1472 3161 vocantia
1497 3122 1707 3179 regna·
1691 3147 1709 3176 ,

391 3181 589 3252 Quum
619 3181 731 3240 dea
757 3199 818 3238 se
845 3180 1079 3257 paribus
1103 3198 1208 3256 per
1234 3181 1443 3238 coelum
1473 3182 1699 3240 sustulit
1723 3182 1847 3256 alis,

389 3260 805 3354 lugentemque
831 3258 965 3334 fuga
993 3258 1177 3317 secuit
1203 3259 1308 3316 sub
1336 3259 1586 3337 nubibus
1614 3280 1826 3318 arcum.

388 3338 543 3396 Tum
568 3334 708 3397 vero
738 3338 989 3408 attonitae
1017 3338 1303 3412 monstriS,
1333 3347 1590 3415 actaeque
1617 3339 1825 3412 furore,

388 3416 790 3490 Conclamant,
820 3417 1157 3494 rapiuntque
1184 3416 1327 3474 focis
1353 3416 1786 3493 penetralibus
1769 3434 1965 3491 ignem
1991 3434 2005 3472 :
2230 3422 2347 3476 660

387 3495 529 3556 Pars
545 3495 804 3588 spoliant
831 3514 973 3568 aras,
1003 3494 1262 3553 frondem
1293 3515 1359 3554 ac
1385 3496 1632 3572 virgulta
1654 3494 1923 3571 facesque

389 3576 513 3633 Con
512 3574 759 3653 J1c1unt
801 3573 978 3631 furit
962 3573 1235 3633 immissis
1262 3575 1567 3634 Vulcanus
1593 3571 1834 3631 habenis

384 3652 663 3710 Transtra
687 3671 809 3728 per,
839 3659 897 3709 et
922 3670 1130 3727 remos,
1160 3661 1218 3712 et
1243 3654 1430 3730 pictas
1455 3654 1644 3712 abiete
1668 3672 1912 3730 puppes·

388 3730 647 3790 Nuntius
675 3730 947 3787 Anchisae
975 3730 1045 3788 ad
1073 3732 1356 3789 tumulum
1384 3751 1715 3808 cuneosque
1742 3731 1951 3792 theatri

392 3810 666 3868 incensas
692 3807 906 3886 perfert
928 3827 1108 3867 naves
1135 3809 1463 3885 ‘Eumelus3
1505 3818 1564 3870 et
1588 3811 1698 3887 ipsi
2232 3810 2348 3864 665

389 3887 742 3964 Respieiunt
767 3894 949 3944 atram
976 3886 1037 3942 in
1063 3887 1261 3946 nimbo
1285 3890 1525 3950 volitare
1551 3889 1822 3948 favillam.
