2717 4300
1183 318 1415 379 LIBER
1451 319 1525 376 11.
2250 322 2357 383 118

392 463 555 525 Ecce
583 466 778 529 autem
806 468 1111 546 complexa
1134 470 1317 548 pedes
1344 470 1404 528 in
1433 469 1632 529 limine
1659 471 1878 549 conjux

392 545 687 620 Haerebat,
707 544 1068 625 'parvumque
1094 549 1245 625 patri
1270 549 1557 607 tendebat«
1574 548 1765 607 Ii‘ilum
1790 570 1804 609 z

396 624 460 680 Si
485 624 768 701 periturus
795 624 946 700 abis,
966 635 1025 684 et
1049 646 1155 685 nos
1182 644 1319 704 rape
1344 627 1406 684 in
1435 627 1629 685 omnia
1654 636 1883 701 tecum;
2237 625 2357 686 675

395 702 500 761 sin
528 702 780 778 aliquam
810 713 1081 781 expertus
1108 706 1349 782 sumptis
1377 724 1539 782 spem
1564 706 1732 782 ponis
1758 705 1821 763 in
1848 704 2041 781 armis,
2248 702 2253 709 ’

395 774 566 837 Hanc
593 777 840 858 primum
869 791 1053 844 tutare
1080 784 1316 842 domum
1341 803 1354 841 :
1400 784 1496 841 cui
1520 803 1730 860 parvus
1760 783 1939 859 linus,

310 927 324 936 δ
394 859 510 916 Cui
536 868 716 935 pater,
745 868 803 917 et
829 863 1062 939 conjux,
1091 863 1379 939 quondam
1408 870 1509 919 tua
1534 862 1704 937 dicta,
1733 861 2063 939 relinquor?

474 937 643 994 Talia
668 937 1005 1015 vociferans,
1033 941 1251 1016 gemitu
1278 947 1495 998 tectum
1523 959 1698 998 omne
1726 938 2015 1017 replebat3

396 1014 596 1086 Quum
623 1014 875 1074 subitum
903 1018 1175 1096 dictuque
1204 1018 1381 1076 oritur
1408 1017 1669 1075 mirabile
1698 1028 2013 1077 monstrum
2037 1035 2052 1076 ε
2238 1020 2359 1079 680

395 1093 685 1170 Namque,
715 1114 921 1153 manus
949 1096 1098 1156 inter
1123 1106 1568 1172 moestorumque
1595 1117 1694 1153 ora
1718 1096 2045 1174 parentum,

396 1172 561 1229 Ecce
591 1173 734 1230 levis
762 1193 986 1231 summo
1016 1175 1089 1232 de
1116 1176 1329 1234 vertice
1357 1175 1515 1233 visus
1546 1174 1658 1232 ruli

397 1250 668 1309 Fundere
696 1252 893 1310 lumen
922 1272 1090 1331 apex,
1119 1263 1391 1329 tactuque
1419 1253 1658 1311 innoxia
1684 1253 1886 1311 molles

399 1329 682 1387 Lambere
708 1330 941 1388 flamma
967 1350 1185 1407 comas,
1215 1340 1275 1390 et
1302 1330 1518 1389 circum
1545 1338 1662 1388 tem
1705 1351 1804 1388 ora
1826 1328 2003 1408 pasci.

395 1407 524 1467 Nos
548 1408 743 1486 pavidi
770 1409 1051 1486 trepidare
1079 1418 1257 1484 metu,
1287 1409 1619 1485 crinemque
1690 1417 1981 1485 agrantem
2241 1410 2359 1469 68⁸

396 1486 713 1562 Excutere,
742 1496 800 1546 et
826 1497 1053 1546 sanctos
1080 1490 1436 1564 restinguere
1464 1487 1716 1545 sontibus
1742 1489 1924 1565 ignea.

402 1565 476 1622 At
499 1573 662 1642 pater
687 1565 975 1624 Anchises
1003 1567 1201 1627 oculos
1227 1567 1301 1624 ad
1328 1566 1518 1624 sidera
1541 1565 1708 1624 laetus

397 1643 644 1720 Extulit,
673 1653 732 1703 et
757 1644 901 1702 coelo
930 1645 1148 1721 palmas
1176 1636 1311 1703 ciim
1338 1664 1485 1702 voce
1513 1644 1773 1703 tetendit.

395 1722 620 1800 Jupiter
645 1723 1026 1801 omnipotens,
1051 1724 1323 1802 precibus
1350 1723 1399 1781 si
1426 1723 1674 1781 flecteris
1702 1722 1853 1799 ullis,
2434 1784 2439 1791 ,

398 1801 652 1879 Adspice
680 1821 820 1875 nos3
863 1801 975 1860 hoc
1002 1801 1225 1862 tantum
1250 1823 1263 1860 :
1309 1812 1386 1877 et,
1416 1802 1464 1859 si
1491 1802 1706 1879 pietate
1735 1819 2045 1876 meremur,
2241 1803 2361 1860 690

400 1879 729 1938 Da-deinde
753 1880 1050 1956 auxilium,
1076 1891 1258 1959 pater,
1288 1892 1460 1958 atque
1487 1880 1616 1938 hoec
1647 1881 1842 1937 omina
1866 1880 2047 1937 firma.

475 1954 598 2016 vix
626 1978 695 2017 ea
721 1957 868 2017 fatus
896 1969 1016 2018 erat
1042 1961 1250 2034 senior,
1280 1959 1589 2035 subitoque
1617 1958 1838 2034 fragore

402 2037 657 2095 Intonuit
682 2037 912 2113 loevum,
942 2047 1001 2096 et
1027 2039 1099 2096 de
1127 2038 1273 2096 coelo
1300 2039 1463 2115 lapsa
1487 2057 1593 2115 per
1617 2035 1852 2095 umbras

402 2115 580 2175 Stella
604 2115 792 2175 facem
821 2117 1039 2175 ducens
1068 2116 1249 2175 multa
1276 2136 1408 2176 cum
1437 2116 1566 2175 luce
1594 2116 1861 2175 cucurrit.

402 2195 585 2271 Illam,
616 2215 838 2254 summa
864 2215 1038 2273 super
1062 2195 1355 2255 labentem
1385 2196 1641 2252 culmina
1667 2195 1823 2271 tecti,
2243 2197 2363 2253 69³

400 2274 707 2350 Cernimus
736 2275 896 2333 ldaea
925 2274 1134 2332 claram
1163 2293 1227 2332 se
1255 2274 1503 2344 condere
1532 2272 1698 2347 silva,

402 2351 850 2430 Signantemque
876 2354 1034 2411 vias:
1078 2361 1204 2410 tum
1232 2352 1405 2428 longo
1434 2352 1615 2409 limite
1643 2350 1837 2409 sulcus

403 2432 518 2491 Dat
544 2431 753 2507 lucem,
782 2440 842 2490 et
866 2428 979 2490 late
1011 2427 1227 2489 circum
1255 2432 1384 2490 loca
1410 2430 1628 2488 sulfure
1656 2428 1899 2508 fumant,

402 2509 518 2569 Hie
546 2508 683 2568 vero
712 2509 899 2569 victus
926 2511 1150 2587 genitor
1176 2530 1240 2569 se
1265 2510 1418 2571 tollit
1445 2510 1517 2568 ad
1544 2528 1729 2585 auraS,

400 2589 739 2666 Affaturque
768 2589 925 2663 deos,
956 2598 1014 2647 et
1040 2598 1301 2648 sanctum
1329 2590 1490 2647 sidus
1517 2589 1730 2647 adorat.
2247 2586 2373 2650 700

402 2666 528 2726 Jam
547 2671 669 2747 jam
697 2667 857 2725 nulla
883 2678 1193 2744 moi-aest:
1236 2688 1465 2745 sequor,
1496 2676 1572 2743 et,
1602 2667 1715 2744 qua
1744 2664 1974 2742 ducitis,
2004 2662 2223 2723 adsum.

404 2746 479 2804 Di
507 2746 693 2824 patrii,
723 2756 943 2805 servate
972 2748 1230 2823 domum,
1252 2756 1474 2806 servate
1501 2754 1774 2823 nepotem
1798 2766 1812 2803 ε

400 2825 674 2883 Vestrum
702 2826 814 2883 hoc
842 2827 1166 2903 augurium,
1195 2837 1501 2903 vestroque
1529 2826 1589 2883 in
1616 2824 1855 2904 numine
1881 2822 2062 2901 Troja
2087 2828 2193 2881 est.

400 2905 564 2964 Cedo
593 2901 859 2982 equidem
883 2925 899 2978 3
931 2925 1071 2980 nec,
1101 2913 1253 2981 nate',
1282 2905 1388 2964 tibi
1416 2924 1616 2963 comes
1642 2904 1726 2962 ire
1753 2922 1980 2961 recuso.

478 2984 723 3043 Dixerat
747 2984 844 3041 ille
866 3004 884 3057 ;
927 2992 987 3041 et
1004 2987 1127 3063 jam
1154 3003 1257 3062 per
1283 2983 1499 3043 moenia
1525 2983 1730 3041 clarior
1753 2982 1906 3058 ignis
2244 2981 2362 3037 '7oe
2464 3049 2476 3056 ⁹
2584 2996 2594 3005 ·

405 3062 669 3139 Auditur,
698 3059 1050 3141 propiusque
1077 3071 1252 3121 aestus
1278 3062 1551 3120 incendia
1573 3061 1836 3121 volvunt.

404 3141 562 3217 Ergo
590 3161 715 3219 age,
744 3161 873 3200 care
899 3150 1080 3219 pater,
1108 3140 1320 3199 cervici
1344 3141 1643 3217 imponere
1671 3147 1916 3211 nostrae;

403 3219 539 3297 lpse
566 3220 771 3279 subibo
796 3220 1074 3295 humeris,
1102 3239 1212 3278 nec
1241 3239 1336 3277 me
1364 3219 1524 3276 labor
1550 3219 1659 3278 iste
1685 3216 1979 3294 gravabit:

411 3297 540 3370 Quo
567 3319 659 3357 res
687 3319 820 3357 cum
859 3319 935 3357 ue
964 3300 1192 3373 cadent,
1219 3318 1402 3356 unum
1431 3305 1489 3355 et
1514 3314 1827 3357 commune
1852 3291 2155 3371 periclum,
2228 3337 2237 3344 .
2284 3359 2297 3363 1

407 3371 543 3437 Una
562 3379 718 3437 salus
746 3398 837 3436 am
880 3377 1025 3436 obus
1053 3379 1180 3436 erit.
1260 3376 1417 3434 Mihi
1443 3395 1655 3453 parvus
1684 3374 1848 3433 Iiilus
2245 3372 2363 3430 '710

408 3457 497 3517 Sit
515 3476 752 3529 comes;
793 3466 854 3516 et
877 3452 1049 3532 longe
1078 3463 1269 3514 servet
1295 3454 1538 3530 vestigia
1561 3454 1797 3530 conjux.

405 3536 553 3612 Vos,
583 3527 805 3609 famuli,
834 3555 964 3613 quae
991 3536 1177 3593 dicam
1208 3532 1416 3592 animis
1446 3532 1723 3590 advertite
1748 3527 1970 3594 vestris,

405 3615 516 3673 Est
540 3615 683 3674 urbe
708 3614 951 3691 egressis
979 3615 1249 3689 tumulus,
1279 3610 1673 3688 templumque
1699 3615 1991 3669 vetustum

404 3694 668 3752 Desertae
698 3693 945 3768 Cereris,
967 3691 1252 3771 juxtaque
1282 3690 1514 3767 antiqua
1541 3707 1843 3767 cupressus

405 3772 739 3849 Relligione
765 3780 989 3848 patrum
1018 3772 1228 3830 multos
1255 3778 1482 3829 servata
1504 3787 1611 3846 per
1636 3787 1855 3827 annos:
2249 3761 2367 3820 718

406 3850 579 3911 Hanc
606 3869 682 3909 ex
709 3849 934 3986 diva-sp
960 3850 1162 3910 sedem
1186 3849 1492 3909 veniemus
1516 3848 1579 3907 in
1605 3866 1801 3906 unam.
