2717 4300
321 383 391 445 rs
614 462 618 471 1
942 374 953 379 ’
1020 381 1586 440 Bucomconmu

955 615 1455 691 ECLOGA
1503 615 1658 691 VI.

1154 888 1442 937 SILENUS.

310 988 852 1066 PmmSyraoosio
879 988 1115 1065 dignata
1140 995 1230 1046 est
1254 987 1456 1046 ludere
1482 1006 1653 1063 versu

313 1066 546 1143 Nostra,
576 1086 766 1144 neque
794 1067 1024 1126 erubuit
1049 1067 1224 1125 silvas
1249 1065 1532 1142 habitare,
1562 1064 1791 1123 Thalia.

316 1147 516 1217 Quum
528 1165 812 1221 ⁸canerem
840 1165 1006 1222 reges
1035 1154 1095 1205 et
1119 1144 1340 1223 proelia,
1372 1144 1664 1221 Cynthius
1691 1162 1889 1202 aurem

315 1226 516 1300 Vellit,
547 1234 608 1283 et
633 1225 968 1283 admonuit:
1014 1225 1052 1258 “
1074 1225 1396 1298 Pastorem,
1425 1224 1648 1300 Tityre,
1674 1223 1923 1300 pingues

316 1306 354 1336 “
374 1305 620 1362 Pascere
648 1323 683 1361 o
725 1312 873 1363 ortet
899 1321 1057 1377 oveS,
1087 1304 1399 1361 deductum
1426 1303 1620 1360 dicere
1646 1302 1944 1360 carmem„

314 1383 372 1441 N
380 1403 491 1441 unc
519 1401 627 1459 ego
658 1324 942 1460 (ssamque
970 1401 1142 1459 super
1168 1382 1273 1440 tibi
1301 1389 1470 1439 erunt
1494 1380 1594 1457 qui
1620 1381 1815 1439 dicere
1842 1380 2063 1456 laudes,

314 1462 492 1537 Vare,
521 1472 647 1520 tuas
677 1463 932 1540 cupiant,
959 1470 1020 1519 et
1045 1461 1228 1520 tristia
1254 1461 1505 1518 condere
1534 1458 1713 1537 bella)

316 1539 620 1615 Agrestem
648 1540 809 1598 tenui
839 1539 1159 1597 meditabor
1186 1538 1465 1596 arundine
1493 1556 1736 1595 musam.
2009 1570 2022 1583 ·

315 1619 375 1676 N
379 1639 451 1675 on
484 1620 703 1697 injussa
727 1638 893 1677 cano.
979 1618 1043 1675 Si
1071 1618 1199 1695 quis
1225 1625 1419 1675 tamen
1449 1616 1580 1674 haec
1607 1634 1854 1693 quoque,
1882 1615 1934 1675 si
1958 1615 2090 1693 quis

317 1699 537 1774 Captus
564 1717 758 1755 amore
786 1697 958 1773 leget,
987 1705 1046 1755 te
1072 1703 1302 1768 nostrae,
1333 1696 1512 1770 Vare,
1540 1695 1797 1771 myricae,

316 1777 408 1834 Te
434 1794 639 1834 nemus
667 1794 841 1834 omne
871 1785 1039 1833 canet
1065 1795 1079 1833 ε
1122 1793 1231 1832 nec
1259 1774 1487 1845 Phoebo
1515 1774 1724 1850 gratior
1750 1773 1871 1832 ulla
1894 1781 1983 1832 est

318 1853 513 1927 Quam
540 1854 650 1913 sibi
678 1873 806 1932 quae
834 1855 977 1913 Vari
1004 1853 1352 1931 proescripsit
1377 1853 1589 1929 pagina
1615 1871 1849 1911 nomen.

394 1934 644 2010 Pergite,
674 1934 955 1995 Pierides·
1039 1932 1309 1992 Chromis
1336 1942 1397 1990 et
1422 1932 1729 2009 Mnasylus
1754 1932 1817 1990 in
1844 1938 2006 1991 antro

319 2012 579 2071 Silenum
606 2014 771 2091 pueri
799 2032 1001 2071 somno
1028 2010 1228 2070 videre
1257 2014 1573 2090 jacentem,

317 2091 586 2151 Inflatum
615 2092 884 2151 hesterno
911 2110 1108 2168 venas,
1136 2100 1201 2150 ut
1227 2109 1476 2169 semper,
1507 2089 1756 2150 Iaccho:

319 2173 483 2230 Serta
508 2172 707 2249 procul
736 2170 960 2231 tantum
988 2172 1162 2249 capiti
1190 2171 1427 2248 delapsa
1446 2170 1740 2250 jacebant,

317 2250 399 2309 Et
424 2251 611 2327 gravis
639 2252 828 2311 attrita
855 2251 1151 2329 pendebat
1177 2250 1485 2309 cantharus
1514 2250 1671 2308 ansa.

315 2330 590 2407 Aggressi
625 2329 788 2408 (nam
817 2328 973 2408 saepe
1003 2349 1187 2388 senex
1214 2348 1317 2407 spe
1344 2329 1613 2387 carminis
1642 2327 1812 2386 ambo

316 2409 590 2488 Luserat)
626 2410 892 2489 injiciunt
918 2411 1058 2486 ipsis
1088 2428 1164 2466 ex
1190 2407 1424 2465 vincula
1449 2407 1633 2464 sertis.

315 2489 498 2546 Addit
523 2508 586 2546 se
612 2489 850 2563 sociam,
879 2488 1210 2563 timidisque
1239 2486 1573 2563 supervenit
1599 2483 1797 2560 AEgle,

316 2557 514 2643 AEgle,
541 2567 835 2625 Naiadum
862 2565 1287 2644 pulcherrima3
1321 2567 1561 2643 jamque
1588 2563 1812 2621 videnti

320 2646 666 2724 Sanguineis
693 2646 936 2704 frontem
967 2645 1141 2701 moris
1170 2652 1227 2701 et
1256 2652 1515 2719 tempora
1539 2641 1742 2719 pingit.

320 2724 429 2784 Ille
457 2724 653 2782 dolum
682 2725 893 2798 ridens,
926 2721 1060 2794 Quo
1086 2722 1321 2779 vincula
1345 2722 1622 2780 nectitis?
1665 2719 1891 2797 inquit:

320 2803 540 2862 Solvite
568 2822 682 2879 me,
710 2804 912 2881 pueri3
957 2802 1094 2860 satis
1122 2810 1210 2860 est
1236 2800 1491 2877 potuisse
1520 2800 1720 2857 videri.

316 2883 610 2958 Carmina,
639 2901 768 2960 quae
795 2881 988 2956 vultiS,
1017 2880 1383 2956 cognoscite:
1427 2879 1682 2937 carmina
1706 2876 1911 2951 vobis3

319 2961 479 3020 Huic
506 2961 659 3019 aliud
687 2961 974 3019 mercedis
1001 2961 1124 3018 erit.
1213 2958 1396 3017 Simul
1424 2958 1630 3036 inciplt
1655 2957 1800 3035 ipse.

318 3040 474 3099 Tum
503 3037 638 3098 vero
665 3040 728 3098 in
755 3058 1058 3097 numerum
1088 3039 1438 3113 Faunosque
1465 3036 1729 3113 serasque
1756 3036 1985 3094 videres

216 3151 227 3193 7
318 3120 568 3196 Ludere,
596 3128 718 3179 tum
746 3119 957 3196 rigidas
984 3126 1201 3176 motare
1229 3116 1533 3175 cacumina
1557 3134 1801 3194 quercus
1825 3134 1840 3172 t

319 3200 452 3259 Nec
479 3196 703 3258 tantum
730 3197 956 3257 Phoebo
984 3197 1198 3275 gaudet
1222 3195 1531 3254 Parnassia
1556 3213 1746 3272 rupes,

320 3278 452 3338 Nec
477 3275 701 3338 tantum
727 3278 1018 3355 Rhodope
1047 3277 1323 3334 mirantur
1350 3283 1409 3333 et
1439 3274 1688 3333 ismarus
1717 3270 1972 3350 Orphea.

398 3357 671 3434 Namque
700 3357 960 3434 canebat,
989 3352 1073 3415 uti
1101 3373 1374 3431 magnum
1402 3374 1508 3432 per
1533 3354 1706 3412 inane
1735 3357 1932 3411 coacta

324 3437 563 3502 Semina
588 3445 978 3513 terrarumque
1008 3435 1331 3511 animaeque
1361 3434 1647 3510 marisque
1674 3431 1940 3505 fuissent,

321 3515 405 3574 Et
430 3515 634 3592 liquidi
660 3514 831 3573 simul
859 3515 1008 3591 ignis
1032 3536 1046 3574 :
1088 3522 1153 3573 ut
1177 3513 1271 3572 liis
1298 3513 1538 3571 exordia
1562 3510 1762 3587 primis

324 3594 502 3654 Omni
587 3601 645 3653 et
672 3593 796 3671 ipse
821 3600 988 3654 tener
1013 3592 1213 3651 mundi
1242 3590 1598 3651 concreverit
1624 3589 1817 3649 orbis:
1875 3653 1880 3662 ¹

324 3672 479 3738 Tum
504 3614 712 3732 durare
739 3672 947 3747 solum,
977 3679 1036 3729 et
1063 3671 1388 3729 discludere
1416 3670 1612 3729 Nerea
1636 3677 1815 3748 ponto

326 3751 603 3832 Coeperit,
632 3761 691 3811 et
717 3767 905 3810 rerum
932 3749 1208 3828 paulatim
1237 3768 1463 3807 sumere
1491 3749 1703 3807 formas
1726 3768 1741 3806 t

323 3832 569 3909 Jamque
596 3850 810 3890 novum
839 3838 1002 3888 terroe
1032 3837 1299 3905 stupeant
1323 3829 1620 3887 lucescere
1648 3828 1829 3886 solem
1852 3845 1870 3901 3

326 3909 520 3970 Altius
547 3920 716 3989 atque
745 3909 953 3969 cadant
979 3907 1258 3967 submotis
1284 3907 1537 3965 nubibus
1562 3906 1815 3966 imbres:

2207 1699 2283 1754 10

2210 2093 2283 2148 15

2206 3272 2284 3328 80
