2717 4300
362 330 465 391 192
1183 327 1547 387 AENmnos

358 481 734 558 Consumptis
761 478 858 539 hic
886 479 1030 538 forte
1060 479 1205 554 aliis,
1236 489 1298 538 ut
1318 490 1546 537 vertere
1576 496 1796 537 morsus

360 561 651 635 Exiguam
678 561 738 617 in
767 560 1042 616 Cererem
1069 560 1312 635 penuria
1338 558 1531 633 adegit
1558 557 1790 632 edendi,

361 638 442 696 Et
467 638 682 696 violare
709 655 883 694 manu
912 637 1190 713 malisque
1220 636 1536 692 audacibus
1565 636 1763 692 orbem

359 716 576 774 Fatalis
603 715 795 790 crusti,
824 714 1033 790 patulis
1060 733 1168 770 nec
1196 732 1430 790 parcere
1459 713 1721 789 quadris:
2215 715 2325 772 115

359 794 564 851 Heus!
608 793 778 850 etiam
809 810 1036 849 mensas
1063 792 1491 848 consumimus!
1535 791 1723 865 inquit
1749 789 1929 848 Iulus.

358 872 492 929 Nec
519 871 685 947 plura
713 869 992 928 alludens.
1075 870 1169 927 Ea
1194 889 1309 927 vox
1339 869 1532 926 audita
1557 868 1816 926 laborum

359 949 554 1006 Prima
579 948 708 1007 tulit
734 948 932 1021 finem,
962 948 1317 1024 primamque
1345 946 1634 1022 loquentis
1664 945 1735 1003 ab
1761 964 1860 1004 ore

361 1027 592 1103 Eripuit
616 1035 795 1121 pater,
825 1044 899 1083 ac·
921 1025 1270 1102 stupefactus
1299 1025 1539 1082 numine
1566 1023 1790 1101 pressit.

360 1101 687 1163 Continuo:
734 1103 925 1178 Salve,
953 1104 1083 1161 fatis
1112 1103 1257 1160 mihi
1285 1103 1481 1160 debita
1505 1102 1710 1175 tellus;
2212 1105 2323 1159 120

359 1181 619 1261 Vosque,
648 1183 745 1257 ait,
774 1200 809 1238 o
837 1181 938 1239 fidi
967 1182 1180 1259 Trojae,
1210 1181 1448 1254 salvete,
1477 1180 1746 1238 Penates.

366 1260 478 1319 Hic
506 1263 731 1335 domus,
760 1260 887 1318 haec
912 1261 1095 1336 patria
1121 1266 1225 1318 est.
1310 1259 1555 1316 Genitor
1580 1258 1724 1315 mihi
1751 1257 1904 1334 talia,
1933 1276 2182 1334 namque

360 1340 539 1397 Nunc
567 1348 784 1417 repeto,
813 1339 1101 1396 Anchises
1128 1337 1372 1395 fatorum
1400 1355 1608 1393 arcana
1633 1336 1904 1413 reliquit:

362 1417 560 1488 Quum
588 1428 666 1492 te,
695 1426 847 1492 nate,
875 1416 1057 1474 fames
1082 1416 1280 1490 ignota
1305 1414 1595 1472 adlittora
1620 1422 1852 1472 vectum

362 1497 586 1554 Accisis
612 1504 782 1571 coget
807 1494 1049 1571 dapibus
1075 1510 1418 1551 consumere
1445 1505 1695 1565 mensas,
2214 1495 2323 1549 125

359 1574 515 1630 Tum
540 1592 769 1650 sperare
796 1573 997 1629 domos
1024 1570 1305 1644 defessus,
1333 1570 1529 1648 ibique
1553 1577 1852 1630 memento

359 1651 558 1709 Prima
584 1651 772 1708 locare
799 1669 973 1710 manu
1003 1648 1317 1724 moliriquer
1331 1666 1538 1723 aggere
1565 1655 1733 1705 tecta.

359 1729 510 1786 Haec
538 1736 658 1786 erat
682 1728 783 1786 illa
807 1728 1026 1798 fames3
1069 1727 1198 1784 haec
1224 1746 1332 1783 nos
1359 1744 1632 1802 suprema
1658 1723 1945 1801 manebat,

359 1807 575 1865 Exitiis
600 1807 853 1884 positura
880 1806 1136 1863 modum.
1661 1810 1678 1818 ”

362 1883 556 1955 Quare
585 1885 756 1961 agite,
786 1892 845 1943 et
869 1884 1054 1961 primo
1080 1883 1201 1960 laeti
1228 1902 1359 1948 cum
1386 1882 1605 1940 lumine
1634 1883 1771 1942 solis
2215 1888 2325 1941 130

361 1964 513 2035 Quae
542 1963 688 2039 loca,
718 1963 890 2041 quive
916 1962 1170 2024 habeant
1195 1961 1482 2035 homines,
1510 1961 1611 2018 ubi
1640 1961 1855 2019 moenia
1881 1960 2089 2036 gentis,
2165 2030 2174 2040 ι
2309 1982 2316 1991 ·

359 2041 752 2118 Vestigemus,
784 2049 843 2102 et
869 2059 902 2097 a
927 2048 1095 2118 portu
1125 2041 1353 2100 diversa
1372 2048 1656 2115 petamus.

359 2120 536 2179 Nunc
564 2129 787 2198 pateras
813 2119 987 2178 libate
1013 2118 1166 2195 Jovi,
1194 2118 1578 2197 precibusque
1605 2126 1818 2177 vocate

360 2200 660 2258 Anchisen
689 2199 1027 2275 genitorem,
1050 2207 1110 2256 et
1135 2199 1272 2256 vina
1301 2199 1565 2274 reponite
1594 2198 1826 2255 mensis.

362 2278 459 2335 Sic
489 2279 698 2337 deinde
727 2277 952 2352 effatus,
981 2277 1266 2354 frondenti
1294 2285 1557 2353 tempora
1582 2294 1738 2353 ramo
2215 2279 2325 2332 135

361 2355 644 2433 Implicat,
675 2365 734 2414 et
760 2356 1131 2431 Geniumque
1159 2355 1290 2429 loci,
1320 2355 1679 2431 primamque
1707 2354 1948 2412 deorum

359 2434 676 2510 Tellurem,
705 2434 1147 2511 Nymphasque,
1176 2441 1235 2490 et
1262 2433 1453 2490 adhuc
1481 2433 1678 2507 ignota
1702 2440 1968 2508 precatur

359 2513 663 2571 Flumina:
706 2521 828 2570 tum
858 2512 1131 2585 Noctem,
1160 2510 1483 2587 Noctisque
1510 2510 1753 2569 orientia
1778 2510 1960 2586 signa,

362 2591 694 2667 Idaeumquc
728 2591 950 2664 Iovem,
979 2587 1408 2665 Phrygiamque
1437 2608 1514 2646 ex
1540 2589 1739 2645 ordine
1768 2599 2029 2663 matrem,

362 2669 619 2742 Invocat,
649 2677 709 2726 et
733 2668 992 2744 duplices
1020 2667 1302 2741 Coeloque
1332 2666 1645 2741 Ereboque
1672 2675 1956 2742 parentes.
2206 2670 2320 2727 14⁰

361 2747 480 2804 Hic
505 2754 668 2822 pater
693 2746 1056 2821 omnipotens
1083 2753 1170 2801 ter
1196 2743 1342 2801 coelo
1372 2742 1558 2800 clarus
1588 2742 1659 2800 ab
1689 2744 1804 2801 alto
2003 2766 2012 2777 ⁸

362 2824 637 2898 Intonuit,
666 2823 951 2898 radiisque
979 2822 1272 2880 ardentem
1301 2822 1447 2878 lucis
1474 2831 1534 2880 et
1560 2840 1699 2879 auro
1729 2841 1740 2845 ·

361 2902 494 2979 Ipse
526 2921 696 2960 manu
725 2902 984 2978 quatiens
1012 2901 1263 2958 ostendit
1287 2901 1359 2957 ab
1389 2901 1603 2959 aethere
1631 2900 1864 2959 nubem.

361 2980 593 3039 Diditur
619 2980 715 3038 hic
743 2977 929 3038 subito
960 2979 1214 3057 Trojana
1237 2998 1341 3057 per
1369 2981 1599 3053 agmina
1625 2999 1835 3055 rumor,
2295 3041 2300 3045 q

361 3060 686 3118 Advenisse
715 3059 870 3117 diem
901 3076 1012 3135 quo
1041 3057 1234 3119 debita
1261 3059 1476 3117 moenia
1503 3059 1772 3116 condant.
2214 3061 2325 3115 145

360 3139 641 3197 Certatim
667 3138 983 3195 instaurant
1009 3135 1230 3213 epulas,
1260 3146 1430 3213 atque
1458 3138 1651 3195 omine
1680 3154 1886 3210 magno
1943 3140 1952 3147 '

361 3219 626 3276 Crateras
655 3217 774 3275 laeti
803 3223 1072 3288 statuunt,
1102 3222 1161 3281 et
1186 3216 1322 3272 vina
1347 3223 1641 3273 coronant.

438 3294 677 3354 Postera
705 3315 881 3372 quum
908 3294 1093 3372 prima
1120 3293 1397 3351 lustrabat
1422 3291 1688 3376 lampade
1716 3298 1893 3348 terras

363 3373 502 3432 Orta
529 3375 679 3447 dies,
701 3375 922 3447 urbem,
951 3389 1009 3430 et
1038 3372 1200 3444 fines,
1231 3379 1289 3428 et
1314 3371 1504 3430 littora
1530 3369 1735 3446 gentis,

361 3451 597 3508 Diversi
620 3452 954 3528 explorant:
986 3451 1132 3519 *haec
1160 3449 1332 3509 sontis
1361 3458 1563 3523 stagna
1588 3445 1854 3521 Numici,
1953 3492 1958 3497 2
2216 3452 2327 3506 150

364 3529 541 3586 Hunc
570 3529 814 3603 Tybrim
840 3529 1104 3602 fluvium,
1133 3525 1231 3584 hic
1259 3527 1432 3584 sortes
1459 3526 1715 3583 habitare
1744 3524 1997 3583 Latinos.

362 3608 518 3664 Tum
546 3615 702 3664 satus
732 3607 989 3664 Anchisa
1015 3606 1272 3663 delectos
1299 3605 1499 3662 ordine
1528 3603 1600 3660 ab
1629 3603 1790 3660 omni

363 3686 619 3744 Centum
647 3693 897 3741 oratores
925 3692 1169 3757 augusta
1195 3683 1265 3738 ad
1294 3682 1509 3738 moenia
1534 3681 1685 3756 regis

366 3764 460 3821 Ire
477 3762 667 3840 jubet,
697 3761 869 3818 ramis
893 3760 1114 3817 velatos
1142 3757 1397 3816 Palladis
1425 3778 1666 3830 omnes3

258 3900 266 3905 ,
364 3841 651 3918 Donaque
678 3838 824 3897 ferre
849 3837 1344 3921 viro,[pacemque
1373 3854 1692 3911 exposcere
1718 3834 1977 3894 Teucris.
2220 3841 2329 3894 155

365 3918 542 3977 Haud
570 3935 762 3989 mora;
804 3914 1075 3973 festinant
1090 3913 1259 3989 jussi,
1288 3912 1618 3992 rapidisque
1645 3915 1904 3973 seruntur
