2717 4300
332 336 409 398 92
1142 334 1509 398 AEmcmos

334 490 648 569 Obstupuit
673 489 844 550 simul
871 489 1019 568 ipse,
1050 491 1220 550 simul
1246 509 1553 569 percussus
1578 489 1837 552 Achates

331 571 676 647 Laetitiaque
701 579 973 646 metuque
998 590 1011 628 ε
1055 571 1209 628 avidi
1235 572 1587 648 conjungere
1614 571 1846 630 dextras

334 649 671 722 Ardebant3
714 650 816 706 sed
844 666 937 705 res
964 648 1188 706 animos
1215 647 1509 724 incognita
1533 649 1738 706 turbat.

331 726 751 800 Dissimulant3
795 734 855 784 et
879 727 1034 785 nube
1061 727 1205 784 cava
1232 725 1600 804 speculantur
1625 728 1842 804 amicti,

334 805 485 874 Quae
514 804 741 862 fortuna
764 805 921 879 viris,
950 805 1197 867 classem
1225 824 1339 882 quo
1366 805 1556 862 littore
1582 805 1862 884 linquant,

333 882 490 953 Quid
517 883 794 957 veniant;
836 885 1060 941 cunctis
1082 902 1220 941 nam
1250 884 1387 941 lecti
1414 883 1659 942 navibus
1686 885 1847 944 ibant

335 961 582 1019 Orantes
608 962 859 1036 veniam,
882 970 941 1019 et
967 963 1252 1039 templum
1280 962 1533 1020 clamore
1559 963 1853 1040 petebant.

408 1036 722 1116 Postquam
747 1039 1097 1116 introgressi,
1126 1049 1185 1099 et
1211 1038 1407 1105 coram
1436 1042 1568 1099 data
1594 1042 1766 1120 copia
1788 1040 1979 1113 fandi,

329 1116 626 1175 Maximus
658 1118 912 1176 Ilioneus
936 1119 1167 1196 placido
1194 1120 1277 1176 sic
1302 1126 1535 1195 pectore
1561 1120 1775 1200 coepit:

333 1194 383 1253 Ο
415 1197 628 1272 regina,
659 1215 868 1254 novam
896 1198 992 1255 cui
1019 1196 1268 1272 condere
1292 1197 1524 1274 Jupiter
1548 1198 1775 1274 urbem,

327 1273 674 1351 ,Iustitiaque
702 1275 862 1334 dedit
888 1284 1100 1352 gentes
1115 1276 1357 1337 fraenare
1385 1275 1678 1353 superbas,

329 1351 516 1410 Troes
544 1361 602 1412 te
629 1354 844 1430 miseri,
872 1356 1061 1413 ventis
1088 1355 1270 1412 maria
1294 1355 1492 1412 omnia
1516 1356 1692 1431 vecti,
1784 1374 1791 1379 ’

295 1428 304 1437 ’
332 1429 577 1490 Oramus
600 1452 615 1490 z
656 1433 901 1510 prohibe
928 1432 1193 1499 infandos
1220 1452 1253 1497 a
1280 1430 1525 1491 navibus
1553 1434 1739 1508 ignes,

329 1508 514 1568 Parce
542 1511 644 1588 pio
670 1512 887 1587 generi,
917 1520 976 1569 et
1000 1508 1237 1588 propius
1264 1528 1355 1568 res
1384 1512 1616 1588 adspice
1644 1514 1896 1569 nostras.‘

328 1588 468 1647 Non
497 1609 603 1647 nos
631 1598 729 1647 aut
754 1589 900 1647 ferro
931 1589 1183 1666 Libycos
1209 1588 1486 1665 populare
1514 1589 1765 1647 Penates

328 1662 637 1743 Venimus,
668 1675 768 1725 aut
790 1676 980 1745 raptas
1006 1669 1078 1724 ad
1106 1653 1295 1725 littora
1319 1674 1543 1724 vertere
1570 1667 1831 1743 praedas:

329 1743 467 1802 Non
497 1762 567 1803 ea
590 1747 680 1804 vis
708 1746 922 1821 animo,
948 1765 1058 1803 nec
1084 1754 1241 1803 tanta
1267 1745 1538 1822 superbia
1562 1743 1748 1803 victis.

329 1821 440 1881 Est
466 1823 651 1900 locus,
681 1823 1028 1901 Hesperiam
1058 1824 1217 1881 Graii
1244 1824 1589 1899 cognomine
1617 1824 1840 1898 dicunt,

328 1901 511 1961 Terra
536 1904 787 1980 antiqua,
812 1912 1020 1981 potens
1047 1903 1219 1960 armis
1246 1911 1416 1979 atque
1443 1901 1623 1959 ubere
1651 1903 1878 1979 glebae3

332 1980 565 2040 OEnotri
593 1980 827 2040 coluere
852 1981 960 2040 viri
985 2001 999 2038 z
1042 2000 1197 2039 nunc
1226 1981 1380 2038 fama
1405 1982 1656 2038 minores

330 2059 554 2117 Italiam
582 2060 820 2134 dixisse,
848 2060 1015 2119 ducis
1042 2061 1115 2117 de
1142 2059 1400 2135 nomine,
1426 2067 1682 2136 gentem.

328 2138 468 2197 Huc
495 2159 696 2199 cursus
722 2139 868 2199 fuit:

328 2217 529 2288 Quum
558 2216 747 2278 subito
776 2231 1079 2294 assurgens
1104 2215 1284 2277 fluctu
1312 2215 1612 2277 nimbosus
1640 2217 1820 2280 Orion

329 2294 398 2353 In
426 2298 574 2355 vada
599 2317 756 2357 caeca
778 2297 928 2372 tulit,
955 2294 1303 2375 penitusque
1329 2297 1673 2374 procacibus
1700 2295 1929 2356 Austris
1990 2337 1995 2344 ,
2078 2379 2091 2386 ι

326 2374 556 2453 Perque
582 2378 788 2452 undas,
818 2385 1121 2454 superante
1148 2376 1290 2452 salo,
1316 2394 1537 2452 perque
1563 2375 1722 2433 invia
1746 2394 1907 2450 saxa,

326 2454 616 2532 Dispulit:
659 2456 776 2513 huc
801 2456 972 2533 pauci
997 2453 1568 2513 vestris-adnavimus
1599 2453 1732 2511 oris.

2176 653 2295 710 515

2171 1044 2290 1100 52⁰

2171 1438 2289 1493 525

329 2533 504 2603 Quod
531 2553 714 2608 genus
742 2533 854 2591 hoc
880 2532 1199 2607 bominum,
1228 2550 1434 2607 quaeve
1460 2531 1618 2589 hunc
1645 2540 1762 2590 tam
1791 2529 2031 2590 barbara
2065 2548 2285 2589 morem

325 2607 616 2670 Permittit
639 2611 865 2689 patria?
907 2609 1157 2686 hospitio
1182 2609 1558 2687 prohibemur
1583 2629 1772 2680 arente
1795 2627 1812 2667 t

324 2688 496 2748 Bella
520 2690 696 2765 cient,
723 2688 1023 2767 primaque
1049 2695 1248 2746 vetant
1272 2688 1589 2746 consistere
1617 2688 1786 2747 terra,

328 2767 389 2824 Si
417 2787 603 2843 genus
631 2768 950 2825 humanum
980 2774 1041 2824 et
1065 2766 1329 2823 mortalia
1352 2766 1609 2825 temnitis
1637 2786 1815 2842 arma,

328 2847 405 2904 At
429 2857 652 2924 sperate
679 2847 818 2904 deos
844 2864 1131 2903 memores
1157 2843 1314 2903 fandi
1342 2844 1794 2922 atqueffiesandi.

330 2925 459 2982 Rex
487 2932 608 2983 erat
634 2924 858 2983 AEneas
885 2924 1073 2998 nobis,
1102 2944 1216 3001 quo
1235 2924 1447 3002 justior
1473 2924 1616 2983 alter

328 3003 454 3062 Nec
481 3004 695 3082 pietate
720 3002 846 3078 fuit,
874 3021 983 3060 nec
1015 3002 1165 3061 bello
1185 3004 1375 3096 ‘major
1400 3011 1459 3062 et
1485 3004 1694 3062 armis:

325 3084 518 3156 Quem
547 3083 596 3142 si
623 3082 739 3142 sata
762 3084 950 3140 virum
979 3089 1226 3156 servant,
1256 3101 1306 3139 sl
1331 3081 1584 3140 vescitur
1610 3080 1751 3140 aura

328 3161 613 3238 AEtheria,
642 3181 832 3240 neque
856 3160 1043 3219 adhuc
1071 3159 1404 3222 crudelibus
1432 3159 1678 3219 occubat
1701 3157 1943 3234 umbris,

324 3240 462 3299 Non
490 3250 681 3300 metus
708 3240 896 3300 officio
925 3255 1000 3297 n'e
1028 3249 1086 3298 te
1113 3240 1365 3306 certasse
1392 3240 1644 3317 priorem

324 3318 631 3379 Poeniteat.
719 3321 868 3379 Sunt
894 3328 955 3378 et
981 3318 1195 3377 Siculis
1222 3317 1552 3395 regionibus
1577 3316 1770 3387 urbes,

324 3399 614 3476 Arvaque,
643 3398 859 3478 Trojan
938 3418 1012 3458 ue
1040 3417 1075 3455 a
1100 3398 1381 3474 sanguine
1409 3396 1598 3455 clarus
1624 3397 1888 3454 Acestes.

326 3475 674 3548 Quassatam
700 3478 888 3536 ventis
937 3478 1087 3536 iceat
1112 3477 1437 3535 subducere
1464 3474 1732 3549 classem,

325 3555 409 3614 Et
434 3555 594 3613 silvis
622 3564 815 3632 aptare
842 3556 1051 3630 trabes,
1081 3565 1141 3615 et
1165 3557 1442 3631 stringere
1470 3570 1697 3626 remos;

327 3635 393 3694 Si
420 3635 587 3693 datur
616 3634 862 3708 Italiam,
889 3635 1063 3692 sociis
1091 3644 1150 3693 et
1175 3654 1310 3710 rege
1338 3639 1593 3709 recepto,

325 3713 615 3788 Tendere,
644 3720 711 3772 ut
738 3711 963 3770 Italiam
990 3708 1108 3771 Iaeti
1135 3712 1486 3787 Latiumque
1512 3717 1811 3788 petam-1⁸3

328 3793 432 3851 Sin
462 3792 767 3868 absumpta
780 3787 964 3865 salus,
990 3798 1048 3848 et
1073 3798 1151 3866 te,
1177 3799 1341 3869 pater
1367 3789 1586 3866 optime
1615 3788 1936 3866 Teucrum,

326 3871 551 3930 Pontus
576 3871 754 3929 habet
781 3868 1005 3945 Libyae,
1032 3887 1144 3927 nec
1172 3889 1305 3945 spes
1322 3872 1448 3947 jam
1476 3876 1653 3928 restat
1678 3867 1817 3947 mli,

332 3950 410 4009 At
432 3949 578 4011 freta
606 3949 854 4009 Sicaniae
880 3948 1111 4023 saltem,
1139 3948 1425 4025 sedesque
1450 3956 1698 4026 paratas,

1704 4093 1739 4176 ἦ,

2167 2613 2286 2669 540
