2717 4300
1192 304 1503 361 ECLOGA
1539 304 1668 359 vn.

1277 503 1578 544 common.

442 564 636 624 Setosi
658 571 837 642 caput
863 563 975 621 hoc
1005 562 1129 641 apri
1155 562 1280 639 tibi,
1309 564 1503 640 Delia,
1525 582 1739 642 parvus

446 644 528 702 Et
553 662 778 702 ramosa
804 642 1010 700 Micon
1037 643 1258 700 vivacis
1286 660 1504 701 cornua
1529 643 1688 701 cervi
1705 663 1725 698 .·

446 723 511 780 Si
537 722 835 800 proprium
862 721 976 778 hoc
1003 720 1193 795 fuerit,
1221 720 1337 778 levi
1358 722 1432 779 de
1460 740 1743 783 marmore
1771 730 1891 782 tota

443 801 706 859 Puniceo
734 800 910 858 stabis
937 818 1096 857 suras
1125 799 1359 857 evincta
1385 801 1685 859 cothurno.

1284 935 1561 976 annsrs.

443 997 648 1055 Sinum
677 997 847 1054 lac-,tis
876 1004 936 1055 et
960 995 1091 1054 haec
1120 1004 1178 1054 te
1205 996 1340 1072 liba,
1371 997 1602 1074 Priape,
1631 998 1936 1092 quotannis

445 1077 803 1153 Exspectare
831 1083 918 1134 sat
944 1085 1068 1133 est:
1111 1084 1302 1133 custos
1330 1095 1393 1133 es
1420 1095 1689 1153 pauperis
1710 1077 1877 1136 horti.

442 1155 617 1212 Nunc
647 1164 703 1212 te
733 1173 1112 1212 marmoreum
1138 1173 1242 1229 pro
1269 1162 1529 1230 tempore
1556 1155 1836 1229 fecimus;
1866 1163 1925 1214 at
1950 1164 2035 1233 tu,

445 1234 507 1291 Si
534 1233 717 1291 fetura
743 1252 975 1309 gregem
1004 1232 1379 1309 suppleverit,
1410 1252 1615 1291 aureus
1644 1243 1786 1291 esto.

1268 1368 1572 1409 conrnon.

442 1430 663 1490 Nerine
691 1428 951 1504 Galatea,
980 1428 1179 1505 thymo
1209 1429 1351 1486 mihi
1380 1429 1604 1487 dulcior
1630 1429 1865 1507 Hyblae,

439 1509 758 1567 Candidior
785 1509 1006 1602 cycnis,
1028 1507 1242 1566 hedera
1270 1506 1573 1565 formosior
1591 1508 1742 1583 alba,

441 1587 637 1657 Quum
666 1587 920 1664 primum
946 1587 1096 1664 pasti
1123 1594 1387 1663 repetent
1412 1588 1698 1664 praesepia
1721 1588 1888 1663 tauri,

441 1666 505 1724 Si
534 1685 646 1743 qua
671 1666 755 1724 tui
783 1665 1106 1742 Corydonis
1131 1664 1309 1723 habet
1332 1672 1391 1723 te
1417 1671 1575 1743 cura,
1603 1666 1819 1725 venito.

1236 1826 1240 1830 .
1273 1801 1549 1842 rnvnsis.

439 1862 626 1920 Immo
653 1882 761 1938 ego
790 1861 1022 1920 Sardois
1047 1861 1245 1920 videar
1269 1861 1374 1919 tibi
1403 1862 1645 1921 amarior
1668 1862 1884 1941 herbis,

437 1941 741 1999 Horridior
757 1941 1231 2019 rus00,.projecta
1256 1940 1426 1997 vilior
1454 1940 1601 2016 alga,

436 2020 503 2077 Si
530 2019 673 2077 mihi
699 2039 815 2078 non
842 2019 973 2077 haec
1000 2019 1102 2077 lux
1128 2027 1248 2078 toto
1266 2020 1392 2097 jam
1408 2018 1634 2094 longior
1660 2039 1812 2077 anno
1840 2028 1947 2080 est.

440 2097 528 2158 Ite
554 2098 808 2175 domum,
836 2097 1006 2176 pasti,
1036 2097 1086 2156 si
1115 2097 1241 2175 quis
1268 2097 1471 2174 pudor,
1501 2097 1599 2174 ite,
1621 2099 1883 2177 juvenci.

1259 2234 1564 2273 common.

436 2294 698 2354 Muscosi
724 2295 932 2370 fonteS,
961 2302 1022 2352 et
1048 2313 1250 2352 somno
1277 2293 1505 2351 mollior
1530 2292 1729 2369 herba,

434 2374 517 2432 Et
540 2393 669 2451 quae
696 2392 800 2432 vos
827 2373 952 2432 rara
976 2372 1176 2431 viridis
1202 2372 1345 2448 tegit
1373 2370 1605 2430 arbutus
1631 2371 1856 2447 umbra,

436 2451 755 2511 Solstitium
775 2451 972 2528 pecori
1001 2450 1328 2509 defendite:
1363 2452 1488 2529 jam
1514 2450 1676 2509 venit
1702 2461 1872 2508 aestas

431 2530 696 2606 Torrida,
716 2532 841 2609 jam
867 2529 1002 2587 laeto
1028 2537 1258 2605 turgent
1280 2529 1341 2586 in
1370 2528 1608 2607 palmite
1634 2545 1900 2604 gemmae.

1262 2665 1543 2704 runsrs.

433 2724 552 2785 Hic
580 2726 763 2802 focus,
794 2733 854 2784 et
877 2726 1044 2785 taedae
1072 2726 1350 2802 pingues3
1394 2724 1495 2784 hic
1521 2725 1804 2803 plurimus
1830 2724 1982 2802 ignis

435 2804 695 2883 Semper,
724 2813 783 2864 e't
809 2803 1037 2863 assidua
1061 2813 1258 2881 postes
1280 2804 1520 2881 fuligine
1548 2804 1695 2879 nigri
1717 2823 1734 2877 ;

432 2883 553 2942 Hic
583 2880 804 2943 tantum
830 2884 1035 2941 Boreae
1064 2902 1328 2948 curamus
1348 2882 1576 2958 frigora,
1603 2880 1881 2959 quantum

432 2963 552 3022 Aut
578 2981 878 3021 numerum
904 2961 1095 3039 lupuS,
1124 2970 1221 3020 aut
1246 2962 1520 3020 torrentia
1543 2960 1782 3018 flumina
1807 2962 1979 3038 ripas.

1254 3098 1557 3137 cosmon.

434 3160 597 3218 Stant
623 3167 682 3217 et
700 3157 972 3237 juniperi,
1003 3166 1063 3216 et
1088 3165 1374 3216 castaneae
1401 3158 1671 3231 hirsutae3

434 3238 618 3296 Strata
627 3239 829 3316 jacent
854 3238 1069 3313 passim
1098 3255 1202 3293 sua
1227 3236 1454 3314 quaque
1482 3236 1588 3294 sub
1618 3235 1817 3293 arbore
1843 3253 2051 3313 poma;

428 3316 641 3375 Omnia
667 3334 823 3374 nunc
853 3315 1078 3373 rident:
1122 3322 1199 3389 at,
1228 3314 1277 3372 si
1303 3314 1586 3381 formosus
1612 3313 1818 3371 Alexis

428 3394 730 3453 Montibus
755 3394 849 3452 his
877 3392 1062 3469 abeat,
1091 3393 1291 3452 videas
1311 3400 1373 3451 et
1397 3392 1637 3450 flumina
1658 3390 1838 3448 sicca.

1266 3528 1545 3568 mnrasoe,

426 3593 570 3651 Aret
596 3610 748 3668 ager,
776 3589 919 3649 vitio
946 3591 1198 3649 moriens
1225 3590 1344 3649 sitit
1369 3589 1520 3647 aeris
1547 3586 1745 3664 herba,

426 3670 603 3728 Liber
628 3670 965 3746 pampineas
991 3669 1197 3728 invidit
1224 3668 1469 3727 collibus
1494 3666 1758 3727 umbras:

425 3745 711 3824 Phyllidis
740 3748 988 3805 adventu
1018 3756 1227 3806 nostrae
1255 3767 1460 3806 nemus
1488 3766 1661 3806 omne
1686 3744 1916 3822 virebit,

423 3826 582 3905 Jupit
594 3846 647 3885 ει·
673 3834 734 3885 et
759 3825 892 3883 laeto
920 3827 1240 3885 descendet
1260 3827 1540 3905 plurimus
1567 3823 1755 3883 imbri.
1789 3903 1794 3910 ι

2322 1161 2408 1215 35

2316 1682 2403 1739 40

2314 2299 2403 2359 45

2306 2807 2395 2863 50

2315 3322 2398 3379 53
