2717 4300
1150 341 1381 400 LIBER.
1417 343 1546 399 VII.

373 485 550 549 Hanc
579 508 847 567 operam;
891 509 964 547 ne
993 499 1187 549 noster
1209 491 1395 549 honos
1422 490 1734 552 infractave
1761 496 1929 557 cedat

374 569 560 627 Fama
584 568 750 640 loco;
792 587 904 625 neu
933 567 1234 626 connubiis
1261 569 1479 627 ambire
1507 572 1778 630 Latinum

375 647 662 704 AEneadae
688 647 928 723 possint,
960 646 1210 704 Italosve
1237 646 1504 705 obsidere
1533 649 1696 707 fines.

375 724 471 782 Tu
497 734 662 802 potes
689 725 991 782 unanimos
1019 742 1236 782 armare
1262 726 1323 782 in
1349 726 1553 803 proelia
1577 727 1793 804 ἰωῇ-οε,

374 804 567 880 Atque
594 803 740 860 odiis
767 821 992 860 versare
1020 803 1220 860 domos
1245 822 1258 860 :
1301 812 1366 862 tu
1393 803 1630 863 verbera
1656 807 1821 865 tectis
1915 825 1918 830 ·

375 879 788 957 Funereasque
815 881 1023 938 inferre
1049 881 1241 940 faces:
1287 881 1391 939 tibi
1417 884 1656 942 nomina
1679 884 1859 960 mille,

372 959 544 1018 Mille
569 960 817 1017 nocendi
846 967 991 1016 artes
1015 978 1029 1016 t
1072 960 1410 1017 foecundum
1438 970 1683 1020 concute
1708 972 1934 1040 pectus,

374 1037 595 1116 Disjice
623 1038 994 1115 compositam
1019 1056 1241 1115 pacem,
1273 1057 1398 1096 sere
1427 1039 1666 1097 crimina
1693 1040 1829 1098 belli
1854 1061 1868 1098 τ

382 1117 554 1173 Arma
578 1115 736 1191 velit,
765 1124 1079 1194 poscatque
1107 1116 1295 1192 simul,
1324 1117 1618 1194 rapiatque
1638 1120 1932 1197 juventu&

452 1194 611 1252 Exin
641 1194 959 1270 Gorgoneis
987 1194 1215 1251 Allecto
1241 1194 1456 1253 infecta
1479 1196 1722 1253 venenis

373 1269 667 1349 Principio
696 1274 924 1331 Latium
955 1280 1014 1330 et
1040 1271 1343 1330 Laurentis
1370 1280 1523 1330 tecta
1546 1273 1773 1350 tyranni

375 1352 548 1408 Celsa
571 1351 732 1427 petit,
759 1352 1111 1427 tacitumque
1140 1350 1365 1408 obsedit
1388 1350 1565 1408 limen
1594 1352 1820 1411 Amatae
1844 1372 1860 1410 t

375 1429 567 1500 Quam
596 1449 768 1507 super
793 1430 1042 1487 adventu
1069 1428 1385 1504 Teucrum,
1413 1429 1712 1507 Turnique
1739 1430 2077 1508 hymenaeis„

370 1507 689 1565 Foemineae
718 1508 1011 1565 ardentem
1039 1526 1308 1584 curaeque
1333 1508 1546 1584 iraeque
1574 1509 1913 1586 coquebant.

372 1585 529 1644 Huic
556 1587 664 1644 dea
691 1587 950 1645 caeruleis
978 1605 1160 1644 unum
1187 1586 1260 1642 de
1290 1586 1543 1644 crinibus
1572 1606 1817 1663 anguem

370 1661 641 1744 Conjicit,
670 1666 845 1742 inque
873 1665 1060 1722 sinum
1086 1664 1403 1741 praecordia
1430 1667 1499 1722 ad
1527 1666 1729 1723 intima
1754 1665 1963 1742 subdit,

372 1742 505 1813 Quo
533 1743 839 1801 furibunda
864 1745 1100 1802 domum
1128 1751 1381 1801 monstro
1450 1744 1749 1804 ermisceat
1775 1763 2024 1802 omnem.

373 1821 480 1879 llle
506 1821 655 1879 inter
680 1830 869 1879 vestes
897 1830 956 1880 et
980 1823 1132 1879 levia
1198 1830 1391 1879 ectora
1439 1842 1609 1899 apsus

315 1942 321 1947 .
368 1899 636 1957 Volvitur
663 1907 874 1958 attactu
901 1900 1079 1976 nu110,
1108 1842 1367 1976 fallitque
1395 1900 1697 1976 furentem,

368 1978 683 2055 Vipeream
711 1979 991 2055 inspirans
1020 1978 1268 2037 animam
1293 1999 1306 2037 :
1351 1979 1417 2037 fit
1442 1980 1630 2056 tortile
1657 1979 1808 2038 collo

368 2058 592 2114 Aurum
616 2057 820 2133 ingens
848 2058 1118 2130 coluber;
1161 2058 1226 2116 fit
1251 2058 1439 2133 longae
1467 2058 1641 2116 taenia
1665 2058 1843 2133 vittae‚

371 2135 733 2213 Iunectitque
761 2156 973 2209 comas,
1003 2144 1061 2195 et
1082 2136 1360 2205 vmembris
1386 2136 1639 2195 lubricus
1666 2145 1830 2196 errat.

367 2216 458 2272 Ac
485 2215 621 2272 dum
646 2215 833 2292 prima
857 2215 982 2273 lues
1008 2216 1125 2272 udo
1154 2215 1425 2292 sublapsa
1451 2234 1678 2272 veneno

368 2292 662 2352 Pertentat
688 2313 911 2369 sensus,
942 2302 1111 2370 atque
1139 2293 1364 2351 ossibus
1391 2293 1646 2370 implicat
1672 2292 1884 2368 ignem,

368 2372 638 2431 Necdum
669 2372 896 2430 animus
925 2381 1042 2430 toto
1068 2372 1329 2450 percepit
1353 2380 1588 2449 pectore
1614 2370 1923 2446 flammam,

368 2447 629 2526 Meuius,
658 2460 719 2509 et
742 2451 907 2510 solito
935 2459 1180 2509 matrum
1207 2451 1280 2507 de
1308 2469 1485 2526 more,
1514 2449 1709 2507 locuta
1735 2455 1842 2523 est,

368 2528 562 2587 Multa
587 2548 649 2586 su
695 2548 756 2586 er
781 2529 915 2588 nata
942 2530 1279 2605 lacrymam,
1309 2528 1690 2605 Phrygiisque
1716 2525 2035 2604 hymenaeis
2058 2544 2073 2583 t

446 2549 838 2666 Exsulibusne
865 2609 1029 2666 datur
1055 2608 1321 2665 ducenda
1345 2607 1590 2665 Lavinia
1614 2605 1875 2681 TeucriS,

369 2684 422 2744 Ο
450 2686 714 2761 genitor?
755 2705 865 2744 nec
891 2694 948 2744 te
976 2686 1210 2745 miseret
1234 2693 1519 2763 nataeque,
1548 2685 1791 2763 tuique?

368 2764 499 2822 Nec
529 2764 721 2822 matris
748 2765 996 2839 miseret,
1014 2785 1197 2842 ,quam
1225 2765 1411 2844 primo
1440 2765 1708 2841 aquilone
1736 2763 2021 2841 relinquet

366 2842 650 2916 Perfidus,
680 2843 793 2900 alta
817 2852 1018 2919 petens
1047 2844 1292 2902 abducta
1318 2844 1559 2920 virgine,
1588 2843 1829 2920 praedo?

366 2923 448 2979 At
473 2941 588 2979 non
616 2921 697 2978 sic
723 2921 1012 2997 Phrygius
1039 2930 1301 2997 penetrat
1326 2923 1747 2980 Lacedaemona
1772 2928 1981 2998 pastor,

368 3000 755 3078 Ledaeamque
783 2998 1074 3056 Helenam
1101 2998 1386 3057 Tro'anas
1412 3000 1573 3058 vexit
1600 3001 1671 3056 ad
1698 2999 1869 3057 urbes
1892 3001 1914 3055 ?

370 3077 528 3148 Quid
555 3086 653 3136 tua
679 3087 873 3136 sancta
899 3078 1064 3152 fides,
1094 3076 1194 3154 qui
1260 3096 1396 3135 cura
1424 3078 1654 3153 antiqua
1679 3086 1926 3152 tuorum,

367 3155 450 3215 Et
475 3157 900 3233 consanguineo
926 3156 1095 3215 toties
1123 3156 1254 3214 data
1279 3157 1515 3213 dextera
1542 3157 1786 3214 Turno?

370 3233 433 3292 Si
461 3254 638 3311 gener
665 3237 903 3294 externa
928 3235 1139 3312 petitur
1158 3235 1232 3292 de
1259 3243 1430 3310 gente
1459 3234 1698 3308 Latinis,

368 3313 553 3391 quue
581 3315 762 3390 sedet,
789 3314 1091 3392 Faunique
1118 3321 1390 3392 premunt
1414 3322 1471 3372 te
1490 3316 1652 3390 jussa
1675 3308 1927 3388 parentis
1950 3327 1968 3381 3

368 3390 618 3450 Omnem
646 3392 914 3470 equidem
943 3392 1179 3469 sceptris
1206 3399 1412 3450 terram
1439 3411 1568 3468 quae
1595 3389 1777 3447 libera
1797 3386 2008 3465 ,nostris

366 3470 628 3529 Dissidet
653 3480 948 3530 externam
978 3491 1121 3547 reor,
1151 3478 1209 3529 et
1235 3470 1318 3527 sic
1344 3469 1536 3527 dicere
1565 3468 1746 3526 divos·

367 3547 457 3617 Et,
475 3549 695 3625 Tumo‚
724 3550 771 3609 si
799 3549 982 3626 prima
1008 3549 1213 3608 domfis
1238 3554 1527 3624 repetatur
1553 3546 1729 3622 orign,

342 3627 621 3689 'Inachus
648 3628 1017 3705 Acrisiusque
1041 3637 1250 3706 patres,
1281 3626 1601 3703 mediaeque
1629 3624 1919 3701 Mycenae.

448 3705 560 3763 His
585 3705 688 3764 ubi
715 3706 1099 3784 nequidquam
1128 3706 1295 3765 dictis
1323 3711 1558 3782 experta
1584 3703 1851 3761 Latinum

368 3782 587 3842 Contra
613 3792 761 3843 stare
782 3783 966 3896 ¹⁸¹¹vid'et,
992 3781 1337 3863 penitusque
1364 3783 1425 3841 in
1451 3783 1673 3841 viscera
1697 3781 1930 3858 lapsum·

2211 737 2330 791 835

2208 1124 2328 1179 340

2207 1514 2323 1569 345

2179 1903 2324 1957 -350

2204 2294 2320 2349 355

2159 2685 2396 2757 ⁴3⁶⁰.

2205 3077 2322 3130 365

2203 3465 2320 3521 370
