2717 4300
343 319 419 397 ἢ
1044 336 1617 397 esonotcos-um

426 490 509 548 At
533 497 716 547 mater
741 487 991 546 sonitum
1017 480 1268 545 thalamo
1296 487 1413 545 sub
1431 486 1689 545 fluminis
1714 487 1812 546 alti
1843 506 1850 513 ’

349 551 561 626 Sensit.
643 567 793 624 Eam
821 568 1035 624 circum
1061 565 1299 623 Milesia
1323 566 1543 623 vellera
1566 566 1862 644 Nympha

345 644 693 722 Carpebant,
723 644 879 721 hyali
902 653 1095 702 saturo
1120 643 1311 701 fucata
1336 644 1529 700 colore
1553 662 1568 699 ε

343 723 702 799 Drymoque,
730 722 1101 799 Xanthoque,
1130 721 1448 799 Ligeaque,
1476 721 1968 799 Piiyflodoceque,

342 800 659 859 Caesariem
688 800 887 858 effusae
917 801 1154 859 nitidam
1181 819 1286 875 per
1311 800 1560 856 candide
1584 800 1768 873 colla3

381 879 616 953 Nesaee,
648 879 921 956 Spioque,
952 878 1296 953 Thaliaque,
1326 878 1777 953 Cymodoceque
1799 879 1847 956 3]
1877 885 1892 919 ‘=

398 954 745 1033 yflippeque,
772 964 833 1014 et
857 957 1007 1014 flava
1033 957 1325 1032 Lycorias,
1354 957 1532 1012 altera
1554 957 1735 1031 virgo,

343 1035 543 1092 Altera
567 1044 689 1093 tum
760 1035 1199 1092 rimos‘Lucinae
1229 1043 1467 1110 experta
1491 1033 1715 1091 labores
1736 1054 1756 1107 3
1779 1052 1782 1057 ·

343 1111 609 1188 Clioque,
639 1122 698 1171 et
779 1117 912 1170 eroe
941 1130 1115 1186 soror,
1146 1112 1515 1187 Oceanitides
1544 1111 1748 1187 ambre,

345 1190 549 1248 Ambae
580 1210 734 1266 auro,
762 1191 931 1268 pictis
957 1190 1225 1248 incinctae
1254 1190 1507 1266 pellibus
1535 1189 1759 1264 ambae3

345 1271 536 1347 Atque
564 1269 825 1346 Ephyre,
854 1278 1027 1345 atque
1055 1268 1221 1345 Opis,
1250 1278 1310 1326 et
1333 1269 1477 1325 Asia
1502 1268 1806 1344 Deiopea3
1921 1302 1930 1309 ι

345 1342 428 1404 Et
450 1348 683 1405 tandem
709 1348 910 1424 positis
936 1347 1106 1403 velox
1134 1346 1427 1404 Arethusa
1452 1346 1686 1421 sagittis.

347 1426 506 1482 Inter
531 1444 672 1501 quas
698 1445 895 1484 curam
922 1425 1207 1501 Clymene
1234 1423 1497 1493 narrabat
1522 1425 1753 1482 inanem

345 1502 616 1577 Vulcani,
645 1505 968 1580 Martisque
995 1504 1156 1559 dolos
1183 1511 1242 1560 et
1266 1501 1464 1559 dulcia
1487 1501 1654 1577 furta,

344 1583 515 1658 Aque
541 1582 687 1640 chao
715 1583 924 1639 densos
951 1581 1148 1639 divum
1174 1580 1515 1638 numerabat
1540 1598 1779 1639 amores.

343 1660 617 1718 Carmine
644 1679 759 1736 quo
778 1655 969 1737 'captae
999 1659 1136 1716 dum
1164 1658 1306 1716 fusis
1332 1658 1532 1716 mollia
1554 1677 1738 1734 pensa

343 1737 700 1814 Devolvunt,
729 1739 935 1796 iterum
965 1746 1249 1795 maternas
1275 1736 1507 1814 impulit
1532 1755 1697 1795 aures

343 1818 567 1876 Luctus
593 1818 843 1893 Aristaei,
871 1817 1181 1893 vitreisque
1209 1815 1487 1873 sedilibus
1512 1835 1717 1874 omues

343 1893 712 1973 Obstupuere
736 1916 750 1953 z
794 1897 894 1954 sed
923 1904 1055 1953 ante
1082 1895 1221 1952 alias
1248 1895 1536 1952 Arethusa
1563 1912 1783 1952 sorores

343 1974 727 2051 Prospiciens,
756 1975 983 2032 summa
1005 1974 1216 2031 flavum
1244 1982 1419 2049 caput
1444 1974 1654 2031 extulit
1676 1972 1852 2031 unda.

343 2052 426 2110 Et
449 2053 646 2130 procul
672 2072 686 2110 ε
730 2052 782 2111 Ο
811 2054 1025 2128 gemitu
1053 2069 1168 2108 non
1198 2052 1404 2109 frustra
1430 2053 1700 2109 exterrita
1723 2058 1905 2126 tanto,

341 2122 574 2208 Cyrene
601 2152 775 2208 soror,
804 2133 928 2209 ipse
957 2130 1079 2206 tibi,
1107 2138 1206 2189 tua
1230 2131 1486 2189 maxima
1510 2142 1665 2206 cura,

340 2210 549 2270 Tristis
574 2210 855 2269 Aristaeus
880 2211 1064 2268 Penei
1091 2211 1363 2285 genitoris
1392 2210 1463 2268 ad
1490 2211 1703 2268 undam

342 2288 469 2348 Stat
496 2291 834 2372 lacrymans,
864 2299 924 2348 et
948 2300 1005 2349 te
1034 2290 1325 2347 crudelem
1353 2292 1591 2347 nomine
1618 2287 1775 2347 dicit.

342 2367 501 2426 Huic
520 2385 799 2446 percussa
822 2369 972 2426 novfi
1002 2375 1251 2426 mentem
1281 2368 1584 2425 formidine
1610 2375 1809 2440 mater,

341 2446 475 2520 Duc
505 2467 630 2523 age,
660 2448 770 2505 duc
800 2447 871 2503 ad
900 2465 1024 2519 nos,
1053 2446 1136 2502 sas
1163 2446 1248 2501 illi
1273 2445 1484 2501 limina-
1503 2445 1699 2501 divum

338 2525 628 2601 Tangere,
659 2526 755 2582 ait.
841 2523 1029 2581 Simul
1059 2523 1169 2580 alta
1190 2522 1361 2600 jubet
1387 2523 1686 2579 discedere
1712 2515 1827 2578 late

342 2603 632 2676 Flumina,
662 2602 774 2680 qud
794 2603 1029 2680 juvenis
1058 2620 1284 2674 gressus
1309 2600 1577 2657 inferret:
1621 2607 1679 2657 at
1703 2599 1868 2655 illum

338 2682 593 2741 Curvata
618 2682 676 2738 in
708 2680 919 2737 montis
946 2679 1151 2736 faeiem
1180 2678 1558 2736 circumstetit
1582 2678 1756 2751 unda,

338 2760 698 2836 Accepitque
726 2759 854 2815 sinu
880 2765 1062 2832 vaste,
1091 2756 1360 2833 misitque
1389 2756 1496 2813 sub
1525 2771 1773 2813 amnem.

336 2839 587 2914 Jamque
617 2838 853 2896 domum
882 2837 1094 2894 mirans
1122 2835 1451 2911 genetricis,
1480 2842 1548 2892 et·
1564 2834 1806 2891 humida
1827 2851 2026 2912 regna,
2121 2873 2128 2884 ·

338 2908 765 2993 speluncisque
790 2915 948 2973 lacus
975 2914 1221 2989 clausoS,
1250 2914 1524 2990 lucosque
1550 2920 1842 2988 sonanteS,

343 2996 507 3068 lbat3
552 3002 628 3068 et,
657 2994 877 3070 ingenti
905 2991 1447 3070 motujstupefactus
1476 3007 1771 3068 aquarum,

338 3074 558 3134 Omnia
584 3072 692 3131 sub
722 3073 931 3148 magna
959 3072 1219 3129 labentia
1235 3070 1478 3128 flumina
1502 3070 1651 3128 terra
1755 3135 1760 3144 ¹

343 3149 653 3231 Spectabat
680 3152 905 3209 diversa
931 3150 1092 3225 loeiS,
1122 3149 1499 3226 Phasimque,
1529 3150 1892 3225 Lycumque,

341 3233 424 3291 Et
450 3241 628 3308 caput
653 3232 808 3289 unde
837 3230 981 3288 altus
1007 3225 1257 3306 primnm
1288 3247 1351 3285 se
1380 3228 1629 3304 erumpit
1655 3226 1941 3302 Enipeus,

341 3311 521 3371 Unde
546 3320 709 3387 pater
734 3307 1066 3380 Tiberinus,
1097 3316 1155 3365 et
1179 3308 1336 3364 unde
1366 3307 1597 3363 Aniena
1621 3304 1857 3377 fluenta,

226 3439 235 3452 ,
344 3388 743 3465 Saxosumque
772 3406 982 3446 sonans
1011 3386 1297 3463 Hypanis,
1327 3386 1649 3461 Mysusque
1677 3383 1908 3455 Caicus,

342 3467 427 3527 Et
451 3467 683 3541 gemina
709 3475 937 3525 auratus
964 3467 1188 3525 taurino
1215 3483 1430 3522 cornua
1453 3462 1614 3520 vultu

344 3545 658 3619 EridanuS,
687 3564 802 3619 quo
831 3564 945 3602 non
975 3545 1122 3603 alius
1149 3561 1253 3621 per
1277 3542 1514 3619 pinguia
1540 3537 1695 3598 culta

347 3623 420 3682 In
449 3641 606 3680 mare
633 3641 988 3699 purpureum
1016 3622 1320 3680 violentior
1346 3618 1528 3676 effluit
1554 3618 1758 3676 amnis.

343 3695 664 3778 'Postquam
693 3709 783 3758 est
807 3700 865 3757 in
895 3700 1135 3757 thalami
1161 3697 1475 3777 pendentia
1498 3697 1737 3773 pumice
1764 3702 1919 3755 tecta

348 3780 724 3853 Perventum,
753 3787 812 3837 et
837 3778 954 3851 nati
982 3777 1153 3835 fletus
1181 3776 1451 3853 coguovit
1474 3776 1678 3834 inanes

344 3859 600 3938 Cyrene,
628 3856 894 3916 manibus
921 3855 1166 3932 liquidos
1194 3857 1332 3913 dant
1359 3855 1559 3912 ordine
1586 3854 1776 3914 sontes

2178 2600 2298 2657 seo

2179 2991 2298 3048 365

2183 3381 2302 3440 8³70

2187 3771 2306 3830 ⁸75
