2717 4300
372 311 485 370 242
1159 307 1547 398 smarnos

372 460 650 520 Dixerat:
692 459 791 518 ille
814 459 1016 518 rudem
1045 459 1212 516 nodis
1238 467 1298 518 et
1321 460 1533 518 cortice
1560 459 1739 519 crudo

377 539 675 632 Interquet
699 539 939 595 summis
965 538 1210 594 adnixus
1236 537 1456 595 viribus
1480 537 1720 596 hastam.

375 611 682 693 Excepere
703 629 854 674 aurae
881 613 1131 688 vulnus,
1175 616 1441 672 Saturnia
1463 615 1498 672 J
1504 635 1617 677 uno
1957 619 1965 628 ⁴
2222 623 2337 679 745

375 694 632 753 Detorsit
655 712 728 752 ve
827 695 928 766 n's3
969 704 1264 770 portaeque
1292 693 1546 768 infigitur
1572 693 1753 750 hasta.

374 773 456 829 At
482 791 597 829 non
625 772 737 833 hoc
847 790 963 847 ιιιιι,
991 789 1124 828 mea
1148 771 1302 847 quod
1328 769 1392 827 vi
1415 771 1653 829 dextera
1676 778 1885 847 versat,

373 849 676 925 Effugies3
718 868 792 906 ne
834 868 908 907 ue
935 849 1091 907 enim
1118 849 1169 906 is
1189 848 1298 906 teli
1325 866 1436 907 nec
1461 849 1714 907 vulneris
1742 858 1958 909 auctor.

375 927 472 985 Sic
500 928 596 1001 ait,
625 936 686 985 et
709 927 816 985 sub
839 936 998 984 atum
1028 924 1141 986 alte
1172 926 1466 1002 consurgit
1488 922 1549 984 in
1577 945 1800 1002 ensem,
1889 963 1892 966 ι

372 1004 453 1062 Et
479 1005 730 1063 mediam
755 1005 904 1063 ferro
932 1006 1165 1080 gemina
1189 1005 1338 1063 inter
1363 1013 1632 1083 tempora
1643 1004 1892 1076 frontem
2216 1013 2333 1072 750

373 1083 601 1142 Dividit
625 1082 1051 1159 impubesque
1034 1082 1278 1141 immani
1302 1078 1543 1141 vulnere
1570 1082 1767 1141 malas.
1976 1102 1983 1109 ·

371 1157 469 1218 Fit
493 1180 706 1234 sonus3
747 1161 969 1237 ingenti
994 1180 1277 1219 concussa
1303 1149 1392 1219 est
1414 1162 1671 1238 pondere
1698 1160 1902 1220 tellus:

370 1238 671 1316 Collapsos
699 1247 853 1298 artus
880 1248 1052 1315 atque
1079 1259 1236 1297 arma
1261 1241 1512 1306 cruenta
1527 1238 1763 1298 cerebro

372 1317 590 1377 Sternit
613 1317 779 1376 humi
805 1318 1087 1392 moriens·
1071 1359 1089 1391 ,
1133 1326 1305 1398 atque
1331 1318 1419 1376 illi
1443 1318 1712 1395 patribus
1726 1318 1903 1396 aequis
2217 1345 2222 1350 ·

372 1390 508 1454 Huc
537 1397 710 1475 caput
735 1404 904 1472 atque
931 1383 1069 1453 illuc
1098 1394 1339 1453 humero
1368 1413 1443 1454 ex
1468 1405 1710 1473 utroque
1736 1395 2036 1475 pependit.
2209 1400 2334 1456 ‘75⁵

447 1471 777 1551 Diffugiunt
800 1474 951 1534 versi
981 1474 1200 1551 trepida
1226 1473 1532 1547 formidine
1559 1474 1783 1533 Troezs

370 1552 469 1627 Et,
498 1553 549 1611 si
575 1548 849 1611 continuo
877 1553 1153 1610 victorem
1182 1570 1253 1609 ea
1278 1570 1417 1609 cura
1442 1552 1693 1615 subisset

367 1631 665 1707 Rumpere
693 1630 938 1689 claustra
964 1626 1158 1706 manu,
1186 1630 1491 1721 sociosque
1518 1631 1829 1692 immittere
1851 1630 2053 1710 portis,

368 1709 629 1769 Ultimus
654 1708 754 1766 ille
780 1708 905 1765 dies
930 1702 1085 1778 bello
1111 1707 1385 1784 gentique
1409 1708 1647 1767 suisset·
1632 1750 1649 1782 ,
1965 1772 1970 1776 Α

370 1787 484 1844 Sed
514 1786 670 1845 furor
686 1769 990 1850 ardentem
1017 1786 1351 1864 caedisque
1334 1806 1538 1845 msana
1564 1787 1800 1866 cupido
2215 1792 2333 1862 760

368 1864 550 1941 Egit'
533 1885 593 1923 ιιι
613 1866 908 1924 adversos.
984 1880 988 1884 ·
2061 1900 2072 1906 -

367 1944 658 2022 Principio
685 1944 978 2006 Phalerim
1006 1951 1066 2002 et
1090 1944 1313 2012 succiso
1338 1944 1559 2021 poplite
1587 1907 1793 2019 Gygen

367 2022 645 2099 Excipit,
685 2023 824 2080 hinc
845 2031 1032 2100 raptas
1048 2021 1412 2116 fugientibus
1437 2022 1659 2113 ingerit
1669 2021 1862 2082 hastas

369 2100 439 2159 In
467 2108 728 2177 tergum:
767 2100 919 2160 Juno
945 2101 1098 2167 vires
1127 2102 1494 2178 animumque
1515 2099 1817 2160 ministrat.

372 2179 548 2239 Addit
573 2181 790 2258 Halym
819 2180 1110 2274 comitem,
1140 2189 1199 2239 et
1225 2180 1458 2240 confixa
1485 2179 1724 2272 Phegea
1747 2166 1981 2257 parm&
2073 2241 2084 2245 ,
2214 2185 2332 2241 765

373 2258 604 2334 Ignaros
630 2259 886 2321 deinde
869 2278 929 2317 m
957 2260 1157 2334 muris,
1183 2260 1551 2352 Martemque
1578 2258 1832 2333 cientes,

368 2337 851 2416 Alcandrumque,
879 2338 1258 2432 Haliumque,
1286 2336 1734 2414 Noemonaque,
1762 2336 2210 2437 Prytanimque..
2255 2366 2260 2370 ·

366 2417 603 2492 Lyncea
627 2417 962 2476 tendentem
990 2423 1211 2490 contra,
1240 2416 1542 2490 sociosque
1569 2423 1948 2507 vocantem,

366 2494 633 2554 Vibranti
660 2495 849 2585 gladio
876 2494 1159 2553 connixus
1189 2459 1260 2552 ab
1273 2512 1496 2572 aggere
1521 2493 1729 2557 dexter
1985 2566 1995 2571 α

367 2570 674 2649 Occupat,
701 2572 838 2631 huic
864 2592 980 2630 uno
1008 2564 1319 2664 dejectum
1310 2572 1650 2632 comminus
1676 2572 1794 2630 ictu
2209 2575 2329 2631 7¹70

368 2650 521 2708 Cum
551 2615 718 2726 galea
744 2643 918 2726 longe
936 2654 1123 2728 jacuit
1148 2659 1355 2726 caput:
1398 2650 1533 2713 inde
1561 2637 1810 2723 ferarum

364 2728 728 2787 Vastatorem
756 2729 1065 2804 Amycum,
1093 2747 1219 2804 quo
1234 2747 1351 2785 non
1378 2727 1599 2785 felicior
1625 2716 1767 2787 alter
1830 2780 1848 2789 ,

371 2805 506 2882 Ung
506 2826 602 2864 ere
630 2807 745 2864 tela
769 2825 964 2880 manu,
990 2805 1316 2882 ferrumque
1344 2824 1563 2869 armare
1590 2826 1858 2869 veneno·

375 2884 448 2942 Et
474 2885 732 2961 Clytium
758 2884 1055 2959 AEoliden,
1084 2892 1142 2943 et
1169 2884 1440 2957 amicum
1450 2884 1703 2944 Crethea
1729 2885 1953 2944 Musis·
1936 2926 1964 2960 ,

366 2961 622 3023 Crethea
648 2963 950 3023 Musarum
978 2963 1267 3036 comitem,
1296 2963 1392 3021 cui
1419 2965 1672 3023 carmina
1698 2980 1928 3043 semper
2035 3020 2040 3021 ⁷
2161 3008 2166 3009 ff
2208 2967 2326 3022 7¹75

364 3042 448 3099 Et
473 3041 707 3101 citharae
732 3041 910 3116 cordi,
938 3049 1343 3118 numerosque
1350 3042 1651 3101 intendere
1677 3043 1902 3125 nervis·
1883 3084 1903 3115 ,

367 3114 609 3198 Semper
633 3138 812 3196 equos
840 3128 1008 3196 atque
1036 3130 1193 3178 arma
1216 3119 1404 3181 virum
1432 3118 1767 3198 pugnasque
1794 3120 2054 3183 canebat.

443 3198 708 3256 Tandem
735 3199 1019 3275 ductores,
1049 3193 1242 3256 audita
1269 3194 1431 3259 caede
1458 3218 1710 3285 suorum,
1851 3225 1856 3230 ·

365 3259 737 3336 Conveniunt
761 3275 995 3351 Teucri,
1022 3277 1370 3335 Mnestheus
1399 3295 1645 3355 acerque
1675 3277 1970 3334 Serestus·
1952 3320 1970 3351 ,
2052 3286 2061 3293 ’

364 3352 750 3433 Palantesque
775 3355 1065 3415 vidento
1000 3375 1029 3413 s
1104 3375 1209 3431 ios,
1237 3355 1580 3432 hostemque
1608 3363 1921 3447 receptum.
2207 3359 2326 3415 ’180

365 3433 447 3492 Et
472 3433 857 3497 Mnestheus·
899 3432 1036 3506 Qut)
1031 3356 1284 3492 οὲεἰιιάε
1301 3435 1556 3510 fugam?
1582 3428 1696 3509 qud
1724 3431 2032 3493 tenditis?
2042 3432 2247 3513 inquit.

366 3511 530 3582 Quos
560 3511 700 3570 alios
728 3532 939 3588 muros,
969 3531 1099 3590 quae
1123 3514 1247 3605 jam
1274 3511 1423 3571 ultra
1448 3511 1662 3570 moenia
1686 3511 1969 3591 habetis?
2039 3573 2046 3583 .

363 3590 534 3650 Unus
560 3590 755 3666 homo,
784 3599 845 3650 et
869 3592 1094 3677 vestris,
1123 3611 1159 3649 ο
1186 3591 1364 3682 civeS,
1383 3590 1650 3685 undique
1675 3599 1896 3668 septus

364 3668 731 3762 Aggeribus,
737 3677 923 3728 tantas
951 3670 1165 3743 strages
1192 3664 1444 3760 impune
1459 3688 1563 3746 per
1588 3668 1792 3727 urbem
1945 3734 1950 3741 ,

339 3772 343 3776 >
366 3742 671 3804 Edrderit?
704 3748 1003 3836 juvenum
1012 3746 1230 3827 primos
1257 3754 1342 3813 tot
1368 3747 1586 3805 miserit
1613 3748 1807 3806 Orco?
2169 3797 2176 3803 .
2205 3751 2325 3807 785

363 3824 427 3883 N
428 3843 505 3882 on
530 3823 776 3881 infelicis
801 3816 1021 3899 patriae,
1048 3831 1427 3899 veterumque
1449 3825 1714 3903 deorum,
2145 3827 2152 3832 ’
