2717 4300
1144 322 1375 383 LIBER
1411 324 1538 387 vn.

294 541 301 548 ,
379 474 652 537 Passibus
675 496 691 535 t
732 474 857 554 ipse
884 476 1090 534 humili
1111 478 1375 554 designat
1401 478 1615 535 moenia
1640 479 1813 556 fossa,

379 556 736 633 Moliturque
764 556 990 627 locum3
1031 556 1363 632 primasque
1390 557 1450 613 in
1479 556 1666 615 littore
1695 560 1883 636 sedes,

380 636 710 693 Castrorum
739 635 799 691 in
826 650 1063 709 morem,
1092 635 1284 710 pinnis
1315 645 1487 711 atque
1516 654 1721 711 aggere
1751 637 1945 714 cingit·

378 714 622 791 Jamque
648 714 758 770 iter
783 712 1025 787 emensi,
1053 720 1236 770 turres
1266 731 1331 770 ac
1360 721 1511 771 tecta
1537 714 1874 773 Latinorum

381 791 580 850 Ardua
604 789 916 849 cernebant
932 793 1201 881 juveneS‚
1232 810 1508 869 muroque
1536 792 1819 852 subibant.
1961 793 1970 800 ’

313 931 321 938 ‚
380 871 535 928 Ante
562 869 765 927 urbem
790 886 956 945 pueri
984 877 1042 926 et
1066 869 1342 945 primaevo
1370 870 1510 927 flore
1528 872 1805 947 juventus

381 948 745 1006 Exercentur
772 947 953 1023 equis,
984 944 1377 1023 domitantque
1403 948 1465 1005 in
1490 949 1729 1025 pulvere
1757 969 1973 1026 currus,

380 1027 504 1085 Aut
529 1045 691 1085 acres
717 1026 962 1084 tendunt
986 1044 1168 1101 arcus,
1197 1034 1297 1083 aut
1321 1027 1479 1084 lenta
1504 1026 1729 1086 lacertis

384 1104 620 1182 Spicula
643 1112 1041 1179 contorquent,
1071 1123 1355 1179 cursuque
1385 1106 1621 1180 ictuque
1648 1106 1979 1165 lacessunt:

386 1182 583 1255 Quum
608 1190 928 1260 praevectus
956 1201 1104 1257 equo
1131 1183 1381 1257 longaevi
1407 1184 1557 1258 regis
1585 1185 1657 1241 ad
1685 1204 1851 1243 aures

383 1262 640 1321 Nuntius
666 1262 931 1337 ingentes
957 1261 1153 1335 ignota
1180 1261 1240 1316 in
1261 1268 1424 1318 veste
1451 1270 1700 1337 reportat

383 1340 708 1416 Advenisse
734 1340 902 1397 viros.
987 1338 1094 1396 Ille
1124 1338 1270 1396 intra
1295 1346 1449 1396 tecta
1471 1340 1665 1397 vocari

386 1419 657 1495 Imperat,
686 1425 746 1475 et
771 1417 915 1475 solio
944 1417 1171 1474 medius
1198 1417 1460 1475 consedit
1487 1418 1657 1475 avito.

381 1497 627 1555 Tectum
656 1504 975 1571 augustum,
1005 1495 1230 1569 ingens,
1260 1505 1498 1552 centum
1525 1495 1772 1554 sublime
1800 1494 2102 1571 columnis,

381 1572 542 1634 Urbe
568 1574 676 1632 fuit
701 1573 945 1648 summa,
976 1573 1278 1631 Laurentis
1306 1573 1463 1649 regia
1488 1573 1635 1649 Pici,

382 1654 751 1711 Horrendum
778 1651 937 1709 silvis
964 1659 1023 1709 et
1048 1651 1345 1727 relligione
1372 1652 1691 1729 parentum.

385 1730 499 1790 Hic
526 1739 752 1808 sceptra
778 1730 1056 1807 accipere,
1086 1737 1144 1787 et
1168 1731 1384 1806 primos
1411 1730 1669 1788 attollere
1696 1727 1898 1807 fasces,

378 1809 641 1886 Regibus
668 1828 840 1866 omen
873 1816 1028 1882 erat3
1083 1808 1194 1864 hoc
1221 1808 1334 1866 illis
1361 1810 1520 1866 curia
1545 1808 1827 1885 templum
1850 1827 1866 1881 3

381 1889 494 1946 Hae
521 1888 695 1946 sacris
723 1889 889 1945 sedes
917 1885 1144 1963 epulis;
1187 1884 1304 1960 hic,
1335 1887 1510 1944 ariete
1539 1906 1707 1960 caeso,

381 1966 683 2043 Perpetuis
710 1965 863 2023 soliti
887 1977 1077 2042 patres
1104 1963 1403 2021 considere
1433 1966 1664 2022 mensis.

384 2045 541 2116 Quin
570 2045 744 2103 etiam
772 2052 1029 2102 veterum
1058 2042 1277 2117 effigies
1305 2061 1378 2099 ex
1409 2044 1607 2100 ordine
1636 2061 1871 2100 avorum

381 2123 637 2200 Antiqua
663 2142 697 2181 e
725 2123 917 2196 cedro,
948 2121 1262 2197 Italusque,
1290 2128 1565 2198 paterque
1596 2121 1843 2179 Sabinus

381 2202 675 2278 Vitisator,
705 2219 939 2259 curvam
967 2219 1198 2257 servans
1228 2199 1333 2255 sub
1359 2199 1610 2273 imagine
1636 2198 1868 2273 falcem,

384 2280 777 2356 Saturnusque
805 2297 1006 2354 senex,
1033 2279 1067 2334 J
1072 2278 1279 2353 anique
1306 2277 1567 2334 bifrontis
1592 2277 1802 2351 image,

383 2357 689 2416 Vestibulo
718 2357 1049 2428 adstabaut3
1095 2355 1304 2431 aliique
1333 2354 1404 2411 ab
1434 2355 1654 2430 origine
1682 2371 1846 2429 reges

381 2437 593 2494 Martia
619 2437 718 2512 qui
747 2435 819 2492 ob
847 2436 1086 2510 patriam
1114 2434 1422 2510 pugnando
1450 2433 1690 2490 vulnera
1707 2430 1889 2508 passi.

380 2516 683 2590 Multaque
709 2524 987 2591 praeterea
1015 2513 1187 2569 sacris
1214 2513 1275 2569 in
1300 2510 1561 2589 postibus
1589 2529 1782 2582 arma3

381 2593 615 2670 Captivi
642 2594 897 2669 pendent
923 2610 1141 2665 curruS,
1171 2608 1479 2667 curvaeque
1503 2607 1750 2663 secures,

383 2671 463 2729 Et
488 2672 671 2729 cristae
700 2671 970 2747 capitum,
1002 2678 1060 2727 et
1083 2677 1374 2746 portarum
1401 2668 1656 2743 ingentia
1683 2668 1947 2741 claustra,

385 2750 751 2826 Spiculaque,
780 2748 1102 2825 clypeique,
1134 2757 1445 2824 ereptaque
1473 2755 1649 2804 rostra
1676 2745 1899 2803 carinis.

388 2828 517 2904 lpse
548 2827 833 2898 Quirinali
860 2827 1000 2884 lituo
1026 2827 1316 2902 parvaque
1345 2824 1585 2883 sedebat

384 2907 721 2964 Succinctus
748 2904 966 2968 trabea,
993 2904 1251 2979 laevaque
1281 2904 1466 2960 ancile
1494 2901 1728 2976 gerebat

383 2984 578 3058 Picus,
607 2982 1127 3060 equfim'domitor3
1170 3000 1340 3056 quem
1370 2988 1536 3056 capta
1562 2979 1833 3055 cupidine
1863 2975 2077 3056 conjux

382 3064 576 3137 Aurea
601 3079 939 3139 percussum
967 3058 1146 3134 virga,
1174 3077 1518 3133 versumque
1545 3057 1805 3132 veneniS,

383 3139 551 3198 Fecit
578 3160 744 3198 avem
774 3140 963 3211 Circe,
993 3137 1311 3213 sparsitque
1340 3135 1625 3193 coloribus
1653 3136 1788 3193 alas.

379 3217 513 3276 Tali
540 3220 695 3277 intus
722 3216 937 3294 templo
966 3214 1183 3287 divum,
1212 3213 1507 3290 patriaque
1537 3214 1777 3271 Latinus

385 3298 539 3354 Sede
566 3297 793 3371 sedens,
822 3296 1083 3353 Teucros
1112 3293 1183 3350 ad
1212 3311 1338 3350 sese
1366 3291 1425 3348 in
1453 3300 1608 3350 tecta
1633 3289 1863 3347 vocavit
1889 3307 1906 3360 ;

381 3377 576 3451 Atque
603 3374 729 3432 haec
755 3374 1024 3448 ingressis
1043 3371 1272 3449 placido
1301 3370 1455 3447 prior
1482 3369 1661 3427 edidit
1687 3386 1819 3423 ore:

460 3453 676 3527 Dicite,
705 3451 1075 3525 Dardanidae,
1103 3467 1292 3525 neque
1321 3447 1476 3506 enim
1503 3446 1795 3503 nescimus
1816 3451 1876 3501 et
1901 3443 2100 3500 urbem

384 3530 465 3589 Et
491 3550 693 3607 genus,
724 3529 1013 3606 auditique
1042 3527 1333 3586 advertitis
1363 3543 1590 3601 aequore
1620 3540 1870 3595 cursum,

383 3610 544 3680 Quid
570 3609 803 3686 petitis?
844 3627 974 3685 quae
1004 3626 1177 3665 causa
1202 3614 1371 3678 rates,
1402 3612 1501 3661 aut
1527 3604 1690 3679 cujus
1718 3607 1953 3675 egentes

385 3689 572 3746 Littus
599 3688 672 3745 ad
700 3687 1020 3744 Ausonium
1047 3693 1132 3742 tot
1158 3703 1258 3762 per
1283 3683 1430 3740 vada
1458 3680 1669 3739 caerula
1694 3679 1895 3737 vexit?

386 3765 524 3824 Sive
552 3783 740 3823 errore
766 3764 898 3839 viae,
928 3782 1031 3823 seu
1059 3760 1495 3838 tempestatibus
1524 3757 1652 3833 acti,

392 3842 639 3921 (Qualia
663 3841 844 3900 multa
870 3840 1010 3898 mari
1037 3848 1224 3897 nautae
1252 3840 1545 3917 patiuntur
1569 3837 1630 3893 in
1658 3834 1800 3908 alto)

2240 307 2345 393 ias

2229 716 2342 773 160

2125 1109 2132 1114 “
2228 1106 2338 1162 165

2227 1500 2253 1552 1
2264 1497 2337 1551 ’70

2226 1888 2339 1943 175
2395 1923 2404 1934 ι

2228 2276 2338 2332 180

2228 2668 2338 2722 185

2230 3054 2338 3109 190

2231 3445 2340 3500 195

2225 3830 2343 3884 200
