<?xml version="1.0" encoding="UTF-8"?>
<!DOCTYPE html PUBLIC "-//W3C//DTD XHTML 1.0 Transitional//EN"
    "http://www.w3.org/TR/xhtml1/DTD/xhtml1-transitional.dtd">
<html xmlns="http://www.w3.org/1999/xhtml" xml:lang="en" lang="en">
 <head>
  <title>
</title>
<meta http-equiv="Content-Type" content="text/html;charset=utf-8" />
  <meta name='ocr-system' content='tesseract 3.04.00' />
  <meta name='ocr-capabilities' content='ocr_page ocr_carea ocr_par ocr_line ocrx_word'/>
</head>
<body>
  <div class='ocr_page' id='page_1' title='image "./bucolicageorgic00unkngoog_0164.png"; bbox 0 0 2717 4300; ppageno 0'>
   <div class='ocr_carea' id='block_1_1' title="bbox 399 315 1575 376">
    <p class='ocr_par' dir='ltr' id='par_1_1' title="bbox 399 315 1575 376">
     <span class='ocr_line' id='line_1_1' title="bbox 399 315 1575 376; baseline 0 0"><span class='ocrx_word' id='word_1_1' title='bbox 399 315 515 376; x_wconf 73' lang='lat'><strong>144</strong></span> <span class='ocrx_word' id='word_1_2' title='bbox 1208 316 1575 376; x_wconf 76' lang='lat' dir='ltr'>AENEIDOS</span> 
     </span>
    </p>
   </div>
   <div class='ocr_carea' id='block_1_2' title="bbox 341 466 2117 3889">
    <p class='ocr_par' dir='ltr' id='par_1_2' title="bbox 396 466 1972 699">
     <span class='ocr_line' id='line_1_2' title="bbox 397 466 1786 543; baseline 0.003 -20"><span class='ocrx_word' id='word_1_3' title='bbox 397 466 743 524; x_wconf 84' lang='lat' dir='ltr'><strong>Germanam</strong></span> <span class='ocrx_word' id='word_1_4' title='bbox 772 468 970 543; x_wconf 86' lang='lat' dir='ltr'><strong>eredit,</strong></span> <span class='ocrx_word' id='word_1_5' title='bbox 998 480 1107 526; x_wconf 84' lang='lat' dir='ltr'><strong>nec</strong></span> <span class='ocrx_word' id='word_1_6' title='bbox 1134 475 1320 525; x_wconf 87' lang='lat' dir='ltr'><strong>tantos</strong></span> <span class='ocrx_word' id='word_1_7' title='bbox 1348 477 1543 526; x_wconf 91' lang='lat' dir='ltr'><strong>mente</strong></span> <span class='ocrx_word' id='word_1_8' title='bbox 1568 468 1786 527; x_wconf 88' lang='lat' dir='ltr'><strong>furores</strong></span> 
     </span>
     <span class='ocr_line' id='line_1_3' title="bbox 396 542 1972 623; baseline 0.002 -22"><span class='ocrx_word' id='word_1_9' title='bbox 396 544 686 621; x_wconf 73' lang='lat' dir='ltr'><strong>concipit,</strong></span> <span class='ocrx_word' id='word_1_10' title='bbox 717 552 814 602; x_wconf 89' lang='lat' dir='ltr'><strong>aut</strong></span> <span class='ocrx_word' id='word_1_11' title='bbox 838 546 1094 620; x_wconf 83' lang='lat' dir='ltr'><strong>graviora</strong></span> <span class='ocrx_word' id='word_1_12' title='bbox 1120 545 1283 602; x_wconf 89' lang='lat' dir='ltr'><strong>timet</strong></span> <span class='ocrx_word' id='word_1_13' title='bbox 1309 542 1484 621; x_wconf 65' lang='lat' dir='ltr'><strong>quam</strong></span> <span class='ocrx_word' id='word_1_14' title='bbox 1511 554 1693 604; x_wconf 89' lang='lat' dir='ltr'><strong>morte</strong></span> <span class='ocrx_word' id='word_1_15' title='bbox 1724 545 1972 623; x_wconf 65' lang='lat' dir='ltr'><strong>Sychaei.</strong></span> 
     </span>
     <span class='ocr_line' id='line_1_4' title="bbox 396 620 935 699; baseline 0.002 -21"><span class='ocrx_word' id='word_1_16' title='bbox 396 620 554 697; x_wconf 88' lang='lat' dir='ltr'><strong>Ergo</strong></span> <span class='ocrx_word' id='word_1_17' title='bbox 571 624 735 699; x_wconf 78' lang='lat' dir='ltr'><strong>Jussa</strong></span> <span class='ocrx_word' id='word_1_18' title='bbox 758 631 935 698; x_wconf 86' lang='lat' dir='ltr'><strong>parat.</strong></span> 
     </span>
    </p>

    <p class='ocr_par' dir='ltr' id='par_1_3' title="bbox 392 695 1853 1085">
     <span class='ocr_line' id='line_1_5' title="bbox 474 695 1853 776; baseline 0.002 -21"><span class='ocrx_word' id='word_1_19' title='bbox 474 701 554 756; x_wconf 82' lang='lat' dir='ltr'><strong>At</strong></span> <span class='ocrx_word' id='word_1_20' title='bbox 577 699 793 774; x_wconf 86' lang='lat' dir='ltr'><strong>regina,</strong></span> <span class='ocrx_word' id='word_1_21' title='bbox 821 700 964 776; x_wconf 69' lang='lat' dir='ltr'><strong>pyra</strong></span> <span class='ocrx_word' id='word_1_22' title='bbox 988 698 1269 776; x_wconf 88' lang='lat' dir='ltr'><strong>penetrali</strong></span> <span class='ocrx_word' id='word_1_23' title='bbox 1295 698 1355 754; x_wconf 88' lang='lat' dir='ltr'><strong>in</strong></span> <span class='ocrx_word' id='word_1_24' title='bbox 1385 699 1524 756; x_wconf 89' lang='lat' dir='ltr'><strong>sede</strong></span> <span class='ocrx_word' id='word_1_25' title='bbox 1552 695 1660 756; x_wconf 89' lang='lat' dir='ltr'><strong>sub</strong></span> <span class='ocrx_word' id='word_1_26' title='bbox 1689 719 1853 759; x_wconf 84' lang='lat' dir='ltr'><strong>auras</strong></span> 
     </span>
     <span class='ocr_line' id='line_1_6' title="bbox 394 772 1634 853; baseline 0.002 -23"><span class='ocrx_word' id='word_1_27' title='bbox 394 772 610 832; x_wconf 67' lang='lat' dir='ltr'><strong>Erecta</strong></span> <span class='ocrx_word' id='word_1_28' title='bbox 635 777 875 853; x_wconf 76' lang='lat' dir='ltr'><strong>ingenti,</strong></span> <span class='ocrx_word' id='word_1_29' title='bbox 903 777 1069 834; x_wconf 86' lang='lat' dir='ltr'><strong>taedis</strong></span> <span class='ocrx_word' id='word_1_30' title='bbox 1098 783 1268 853; x_wconf 89' lang='lat' dir='ltr'><strong>atque</strong></span> <span class='ocrx_word' id='word_1_31' title='bbox 1295 776 1431 833; x_wconf 81' lang='lat' dir='ltr'>ilice</span> <span class='ocrx_word' id='word_1_32' title='bbox 1459 778 1634 850; x_wconf 73' lang='lat' dir='ltr'><strong>secta,</strong></span> 
     </span>
     <span class='ocr_line' id='line_1_7' title="bbox 395 850 1766 928; baseline 0.004 -21"><span class='ocrx_word' id='word_1_33' title='bbox 395 850 761 928; x_wconf 88' lang='lat' dir='ltr'><strong>Intenditque</strong></span> <span class='ocrx_word' id='word_1_34' title='bbox 786 852 980 911; x_wconf 89' lang='lat' dir='ltr'><strong>locum</strong></span> <span class='ocrx_word' id='word_1_35' title='bbox 1010 853 1193 928; x_wconf 84' lang='lat' dir='ltr'><strong>sertis,</strong></span> <span class='ocrx_word' id='word_1_36' title='bbox 1222 864 1282 910; x_wconf 94' lang='lat' dir='ltr'><strong>et</strong></span> <span class='ocrx_word' id='word_1_37' title='bbox 1303 853 1506 911; x_wconf 82' lang='lat' dir='ltr'><strong>fronde</strong></span> <span class='ocrx_word' id='word_1_38' title='bbox 1533 862 1766 913; x_wconf 90' lang='lat' dir='ltr'><strong>coronat</strong></span> 
     </span>
     <span class='ocr_line' id='line_1_8' title="bbox 392 928 1853 1008; baseline 0.003 -23"><span class='ocrx_word' id='word_1_39' title='bbox 392 928 699 992; x_wconf 70' lang='lat' dir='ltr'><strong>Funerea:</strong></span> <span class='ocrx_word' id='word_1_40' title='bbox 742 949 916 1008; x_wconf 88' lang='lat' dir='ltr'><strong>super</strong></span> <span class='ocrx_word' id='word_1_41' title='bbox 941 932 1197 1005; x_wconf 77' lang='lat' dir='ltr'><strong>exuvias,</strong></span> <span class='ocrx_word' id='word_1_42' title='bbox 1228 949 1542 1008; x_wconf 82' lang='lat' dir='ltr'><strong>ensemque</strong></span> <span class='ocrx_word' id='word_1_43' title='bbox 1571 931 1853 1008; x_wconf 88' lang='lat' dir='ltr'><strong>relictum,</strong></span> 
     </span>
     <span class='ocr_line' id='line_1_9' title="bbox 394 1004 1746 1085; baseline 0.002 -23"><span class='ocrx_word' id='word_1_44' title='bbox 394 1004 779 1085; x_wconf 86' lang='lat' dir='ltr'><strong>Effigiemque</strong></span> <span class='ocrx_word' id='word_1_45' title='bbox 802 1018 928 1066; x_wconf 91' lang='lat' dir='ltr'><strong>toro</strong></span> <span class='ocrx_word' id='word_1_46' title='bbox 955 1008 1124 1083; x_wconf 90' lang='lat' dir='ltr'><strong>locat,</strong></span> <span class='ocrx_word' id='word_1_47' title='bbox 1151 1008 1306 1065; x_wconf 90' lang='lat' dir='ltr'><strong>haud</strong></span> <span class='ocrx_word' id='word_1_48' title='bbox 1331 1009 1530 1082; x_wconf 86' lang='lat' dir='ltr'><strong>ignara</strong></span> <span class='ocrx_word' id='word_1_49' title='bbox 1554 1007 1746 1066; x_wconf 84' lang='lat' dir='ltr'><strong>futuri.</strong></span> 
     </span>
    </p>

    <p class='ocr_par' dir='ltr' id='par_1_4' title="bbox 395 1083 1799 1159">
     <span class='ocr_line' id='line_1_10' title="bbox 395 1083 1799 1159; baseline 0.003 -19"><span class='ocrx_word' id='word_1_50' title='bbox 395 1084 559 1141; x_wconf 82' lang='lat' dir='ltr'><strong>Stant</strong></span> <span class='ocrx_word' id='word_1_51' title='bbox 587 1104 697 1142; x_wconf 78' lang='lat' dir='ltr'><strong>arae</strong></span> <span class='ocrx_word' id='word_1_52' title='bbox 726 1083 978 1159; x_wconf 71' lang='lat' dir='ltr'><strong>circum3</strong></span> <span class='ocrx_word' id='word_1_53' title='bbox 1023 1095 1082 1144; x_wconf 92' lang='lat' dir='ltr'><strong>et</strong></span> <span class='ocrx_word' id='word_1_54' title='bbox 1108 1086 1295 1142; x_wconf 87' lang='lat' dir='ltr'><strong>crines</strong></span> <span class='ocrx_word' id='word_1_55' title='bbox 1323 1085 1507 1144; x_wconf 86' lang='lat' dir='ltr'><strong>effusa</strong></span> <span class='ocrx_word' id='word_1_56' title='bbox 1532 1087 1799 1144; x_wconf 78' lang='lat' dir='ltr'><strong>sacerdos</strong></span> 
     </span>
    </p>

    <p class='ocr_par' dir='ltr' id='par_1_5' title="bbox 387 1160 2050 1628">
     <span class='ocr_line' id='line_1_11' title="bbox 391 1160 2050 1241; baseline 0.002 -24"><span class='ocrx_word' id='word_1_57' title='bbox 391 1160 512 1218; x_wconf 89' lang='lat' dir='ltr'><strong>Ter</strong></span> <span class='ocrx_word' id='word_1_58' title='bbox 534 1169 773 1220; x_wconf 88' lang='lat' dir='ltr'><strong>centum</strong></span> <span class='ocrx_word' id='word_1_59' title='bbox 801 1170 961 1227; x_wconf 86' lang='lat' dir='ltr'><strong>tonat</strong></span> <span class='ocrx_word' id='word_1_60' title='bbox 987 1183 1085 1221; x_wconf 89' lang='lat' dir='ltr'><strong>ore</strong></span> <span class='ocrx_word' id='word_1_61' title='bbox 1112 1163 1271 1237; x_wconf 87' lang='lat' dir='ltr'><strong>deos,</strong></span> <span class='ocrx_word' id='word_1_62' title='bbox 1300 1162 1694 1239; x_wconf 81' lang='lat' dir='ltr'><strong>Erebumque,</strong></span> <span class='ocrx_word' id='word_1_63' title='bbox 1723 1162 2050 1241; x_wconf 79' lang='lat' dir='ltr'><strong>Chaosque,</strong></span> 
     </span>
     <span class='ocr_line' id='line_1_12' title="bbox 391 1238 2010 1316; baseline 0.002 -21"><span class='ocrx_word' id='word_1_64' title='bbox 391 1238 916 1316; x_wconf 85' lang='lat' dir='ltr'><strong>Tergeminamque</strong></span> <span class='ocrx_word' id='word_1_65' title='bbox 943 1242 1231 1315; x_wconf 84' lang='lat' dir='ltr'><strong>Hecaten,</strong></span> <span class='ocrx_word' id='word_1_66' title='bbox 1260 1241 1368 1298; x_wconf 87' lang='lat' dir='ltr'><strong>tria</strong></span> <span class='ocrx_word' id='word_1_67' title='bbox 1391 1240 1628 1316; x_wconf 84' lang='lat' dir='ltr'><strong>virginis</strong></span> <span class='ocrx_word' id='word_1_68' title='bbox 1657 1260 1756 1299; x_wconf 87' lang='lat' dir='ltr'><strong>ora</strong></span> <span class='ocrx_word' id='word_1_69' title='bbox 1781 1242 2010 1299; x_wconf 85' lang='lat' dir='ltr'><strong>Dianae.</strong></span> 
     </span>
     <span class='ocr_line' id='line_1_13' title="bbox 393 1314 1776 1392; baseline 0.002 -20"><span class='ocrx_word' id='word_1_70' title='bbox 393 1314 689 1392; x_wconf 74' lang='lat' dir='ltr'><strong>Sparserat</strong></span> <span class='ocrx_word' id='word_1_71' title='bbox 714 1328 773 1377; x_wconf 89' lang='lat' dir='ltr'><strong>et</strong></span> <span class='ocrx_word' id='word_1_72' title='bbox 797 1318 995 1377; x_wconf 88' lang='lat' dir='ltr'><strong>latices</strong></span> <span class='ocrx_word' id='word_1_73' title='bbox 1022 1319 1317 1376; x_wconf 87' lang='lat' dir='ltr'><strong>simulatos</strong></span> <span class='ocrx_word' id='word_1_74' title='bbox 1342 1317 1515 1376; x_wconf 83' lang='lat' dir='ltr'><strong>fontis</strong></span> <span class='ocrx_word' id='word_1_75' title='bbox 1543 1319 1776 1377; x_wconf 87' lang='lat' dir='ltr'><strong>Averni.</strong></span> 
     </span>
     <span class='ocr_line' id='line_1_14' title="bbox 387 1392 1892 1471; baseline 0.003 -20"><span class='ocrx_word' id='word_1_76' title='bbox 387 1392 663 1453; x_wconf 86' lang='lat' dir='ltr'><strong>Falcibus</strong></span> <span class='ocrx_word' id='word_1_77' title='bbox 692 1405 752 1455; x_wconf 88' lang='lat' dir='ltr'><strong>et</strong></span> <span class='ocrx_word' id='word_1_78' title='bbox 776 1415 979 1455; x_wconf 87' lang='lat' dir='ltr'><strong>messae</strong></span> <span class='ocrx_word' id='word_1_79' title='bbox 1010 1397 1081 1454; x_wconf 89' lang='lat' dir='ltr'><strong>ad</strong></span> <span class='ocrx_word' id='word_1_80' title='bbox 1106 1396 1303 1453; x_wconf 90' lang='lat' dir='ltr'><strong>lunam</strong></span> <span class='ocrx_word' id='word_1_81' title='bbox 1332 1396 1892 1471; x_wconf 33' lang='lat' dir='ltr'><strong>quaeruntur—ahenis</strong></span> 
     </span>
     <span class='ocr_line' id='line_1_15' title="bbox 391 1470 1698 1550; baseline 0 -20"><span class='ocrx_word' id='word_1_82' title='bbox 391 1470 686 1531; x_wconf 86' lang='lat' dir='ltr'><strong>Pubentes</strong></span> <span class='ocrx_word' id='word_1_83' title='bbox 712 1472 927 1550; x_wconf 77' lang='lat' dir='ltr'><strong>herbae,</strong></span> <span class='ocrx_word' id='word_1_84' title='bbox 956 1473 1103 1548; x_wconf 85' lang='lat' dir='ltr'><strong>nigri</strong></span> <span class='ocrx_word' id='word_1_85' title='bbox 1130 1492 1270 1531; x_wconf 69' lang='lat' dir='ltr'><strong>cum‘</strong></span> <span class='ocrx_word' id='word_1_86' title='bbox 1292 1473 1443 1530; x_wconf 89' lang='lat' dir='ltr'><strong>lacte</strong></span> <span class='ocrx_word' id='word_1_87' title='bbox 1469 1474 1698 1531; x_wconf 85' lang='lat' dir='ltr'><strong>veneni.</strong></span> 
     </span>
     <span class='ocr_line' id='line_1_16' title="bbox 394 1548 1861 1628; baseline 0.002 -23"><span class='ocrx_word' id='word_1_88' title='bbox 394 1548 688 1618; x_wconf 68' lang='lat' dir='ltr'><strong>Quaeritur</strong></span> <span class='ocrx_word' id='word_1_89' title='bbox 715 1558 773 1607; x_wconf 89' lang='lat' dir='ltr'><strong>et</strong></span> <span class='ocrx_word' id='word_1_90' title='bbox 799 1552 1085 1611; x_wconf 88' lang='lat' dir='ltr'><strong>nascentis</strong></span> <span class='ocrx_word' id='word_1_91' title='bbox 1110 1551 1243 1628; x_wconf 92' lang='lat' dir='ltr'><strong>equi</strong></span> <span class='ocrx_word' id='word_1_92' title='bbox 1270 1552 1342 1608; x_wconf 88' lang='lat' dir='ltr'><strong>de</strong></span> <span class='ocrx_word' id='word_1_93' title='bbox 1370 1550 1555 1608; x_wconf 86' lang='lat' dir='ltr'><strong>fronte</strong></span> <span class='ocrx_word' id='word_1_94' title='bbox 1582 1552 1861 1626; x_wconf 86' lang='lat' dir='ltr'><strong>revulsus,</strong></span> 
     </span>
    </p>

    <p class='ocr_par' dir='ltr' id='par_1_6' title="bbox 391 1625 1231 1706">
     <span class='ocr_line' id='line_1_17' title="bbox 391 1625 1231 1706; baseline 0.002 -24"><span class='ocrx_word' id='word_1_95' title='bbox 391 1625 474 1683; x_wconf 91' lang='lat' dir='ltr'><strong>Et</strong></span> <span class='ocrx_word' id='word_1_96' title='bbox 499 1628 1025 1706; x_wconf 69' lang='lat' dir='ltr'><strong>matri&#39;praereptus,</strong></span> <span class='ocrx_word' id='word_1_97' title='bbox 1056 1647 1231 1684; x_wconf 84' lang='lat' dir='ltr'><strong>amor.</strong></span> 
     </span>
    </p>

    <p class='ocr_par' dir='ltr' id='par_1_7' title="bbox 393 1702 1721 1785">
     <span class='ocr_line' id='line_1_18' title="bbox 393 1702 1721 1785; baseline 0.003 -26"><span class='ocrx_word' id='word_1_98' title='bbox 393 1702 532 1778; x_wconf 89' lang='lat' dir='ltr'><strong>Ipsa</strong></span> <span class='ocrx_word' id='word_1_99' title='bbox 556 1704 729 1779; x_wconf 66' lang='lat' dir='ltr'><strong>molti,</strong></span> <span class='ocrx_word' id='word_1_100' title='bbox 758 1706 1134 1782; x_wconf 85' lang='lat' dir='ltr'><strong>manibusque</strong></span> <span class='ocrx_word' id='word_1_101' title='bbox 1161 1704 1293 1782; x_wconf 66' lang='lat' dir='ltr'><strong>piis,</strong></span> <span class='ocrx_word' id='word_1_102' title='bbox 1322 1705 1520 1763; x_wconf 87' lang='lat' dir='ltr'><strong>altaria</strong></span> <span class='ocrx_word' id='word_1_103' title='bbox 1536 1707 1721 1785; x_wconf 85' lang='lat' dir='ltr'><strong>juxta,</strong></span> 
     </span>
    </p>

    <p class='ocr_par' dir='ltr' id='par_1_8' title="bbox 360 1780 1861 1935">
     <span class='ocr_line' id='line_1_19' title="bbox 391 1780 1861 1860; baseline 0.003 -22"><span class='ocrx_word' id='word_1_104' title='bbox 391 1780 593 1839; x_wconf 90' lang='lat' dir='ltr'><strong>Unum</strong></span> <span class='ocrx_word' id='word_1_105' title='bbox 622 1790 799 1840; x_wconf 82' lang='lat' dir='ltr'><strong>exuta</strong></span> <span class='ocrx_word' id='word_1_106' title='bbox 823 1785 1033 1859; x_wconf 88' lang='lat' dir='ltr'><strong>pedem</strong></span> <span class='ocrx_word' id='word_1_107' title='bbox 1060 1783 1285 1858; x_wconf 87' lang='lat' dir='ltr'><strong>vinclis,</strong></span> <span class='ocrx_word' id='word_1_108' title='bbox 1314 1783 1375 1840; x_wconf 90' lang='lat' dir='ltr'><strong>in</strong></span> <span class='ocrx_word' id='word_1_109' title='bbox 1403 1791 1563 1841; x_wconf 87' lang='lat' dir='ltr'><strong>veste</strong></span> <span class='ocrx_word' id='word_1_110' title='bbox 1590 1784 1861 1860; x_wconf 67' lang='lat' dir='ltr'><strong>recincta,</strong></span> 
     </span>
     <span class='ocr_line' id='line_1_20' title="bbox 360 1858 1609 1935; baseline 0.002 -19"><span class='ocrx_word' id='word_1_111' title='bbox 360 1858 659 1923; x_wconf 61' lang='lat' dir='ltr'><strong>,Testatur</strong></span> <span class='ocrx_word' id='word_1_112' title='bbox 685 1861 956 1919; x_wconf 85' lang='lat' dir='ltr'><strong>moritura</strong></span> <span class='ocrx_word' id='word_1_113' title='bbox 981 1862 1138 1935; x_wconf 89' lang='lat' dir='ltr'><strong>deos,</strong></span> <span class='ocrx_word' id='word_1_114' title='bbox 1169 1869 1228 1919; x_wconf 92' lang='lat' dir='ltr'><strong>et</strong></span> <span class='ocrx_word' id='word_1_115' title='bbox 1253 1861 1486 1918; x_wconf 89' lang='lat' dir='ltr'><strong>conscia</strong></span> <span class='ocrx_word' id='word_1_116' title='bbox 1509 1861 1609 1919; x_wconf 88' lang='lat' dir='ltr'><strong>sati</strong></span> 
     </span>
    </p>

    <p class='ocr_par' dir='ltr' id='par_1_9' title="bbox 387 1937 2117 2638">
     <span class='ocr_line' id='line_1_21' title="bbox 392 1937 1937 2016; baseline 0.001 -22"><span class='ocrx_word' id='word_1_117' title='bbox 392 1937 629 2013; x_wconf 81' lang='lat' dir='ltr'><strong>Sidera:</strong></span> <span class='ocrx_word' id='word_1_118' title='bbox 672 1946 817 2014; x_wconf 88' lang='lat' dir='ltr'><strong>tum,</strong></span> <span class='ocrx_word' id='word_1_119' title='bbox 847 1940 894 2000; x_wconf 89' lang='lat' dir='ltr'><strong>si</strong></span> <span class='ocrx_word' id='word_1_120' title='bbox 922 1939 1077 2016; x_wconf 91' lang='lat' dir='ltr'><strong>quod</strong></span> <span class='ocrx_word' id='word_1_121' title='bbox 1104 1958 1218 1997; x_wconf 90' lang='lat' dir='ltr'><strong>non</strong></span> <span class='ocrx_word' id='word_1_122' title='bbox 1248 1958 1412 2015; x_wconf 86' lang='lat' dir='ltr'><strong>aequo</strong></span> <span class='ocrx_word' id='word_1_123' title='bbox 1440 1939 1652 1996; x_wconf 87' lang='lat' dir='ltr'><strong>soedere</strong></span> <span class='ocrx_word' id='word_1_124' title='bbox 1681 1948 1937 1997; x_wconf 78' lang='lat' dir='ltr'><strong>amantes</strong></span> 
     </span>
     <span class='ocr_line' id='line_1_22' title="bbox 389 2014 2044 2095; baseline 0.001 -22"><span class='ocrx_word' id='word_1_125' title='bbox 389 2015 561 2073; x_wconf 68' lang='lat' dir='ltr'><strong>Curre</strong></span> <span class='ocrx_word' id='word_1_126' title='bbox 589 2035 802 2074; x_wconf 86' lang='lat' dir='ltr'><strong>numen</strong></span> <span class='ocrx_word' id='word_1_127' title='bbox 830 2014 1025 2091; x_wconf 88' lang='lat' dir='ltr'><strong>habet,</strong></span> <span class='ocrx_word' id='word_1_128' title='bbox 1045 2020 1379 2095; x_wconf 88' lang='lat' dir='ltr'><strong>justumque</strong></span> <span class='ocrx_word' id='word_1_129' title='bbox 1408 2035 1738 2093; x_wconf 89' lang='lat' dir='ltr'><strong>memorque</strong></span> <span class='ocrx_word' id='word_1_130' title='bbox 1765 2026 2044 2092; x_wconf 85' lang='lat' dir='ltr'><strong>precatur.</strong></span> 
     </span>
     <span class='ocr_line' id='line_1_23' title="bbox 387 2091 1984 2174; baseline 0.001 -23"><span class='ocrx_word' id='word_1_131' title='bbox 387 2169 394 2174; x_wconf 19' lang='lat' dir='ltr'>x</span> <span class='ocrx_word' id='word_1_132' title='bbox 467 2091 610 2151; x_wconf 85' lang='lat' dir='ltr'><strong>Nox</strong></span> <span class='ocrx_word' id='word_1_133' title='bbox 636 2101 774 2170; x_wconf 84' lang='lat' dir='ltr'><strong>erat,</strong></span> <span class='ocrx_word' id='word_1_134' title='bbox 803 2103 863 2153; x_wconf 90' lang='lat' dir='ltr'><strong>et</strong></span> <span class='ocrx_word' id='word_1_135' title='bbox 885 2095 1180 2172; x_wconf 88' lang='lat' dir='ltr'><strong>placidum</strong></span> <span class='ocrx_word' id='word_1_136' title='bbox 1207 2093 1520 2173; x_wconf 77' lang='lat' dir='ltr'><strong>carpebant</strong></span> <span class='ocrx_word' id='word_1_137' title='bbox 1544 2094 1695 2153; x_wconf 88' lang='lat' dir='ltr'><strong>sessa</strong></span> <span class='ocrx_word' id='word_1_138' title='bbox 1720 2113 1984 2173; x_wconf 89' lang='lat' dir='ltr'><strong>soporem</strong></span> 
     </span>
     <span class='ocr_line' id='line_1_24' title="bbox 391 2171 1894 2251; baseline 0.002 -22"><span class='ocrx_word' id='word_1_139' title='bbox 391 2171 649 2249; x_wconf 86' lang='lat' dir='ltr'><strong>Corpora</strong></span> <span class='ocrx_word' id='word_1_140' title='bbox 673 2192 777 2251; x_wconf 89' lang='lat' dir='ltr'><strong>per</strong></span> <span class='ocrx_word' id='word_1_141' title='bbox 800 2181 1014 2247; x_wconf 79' lang='lat' dir='ltr'><strong>terras3</strong></span> <span class='ocrx_word' id='word_1_142' title='bbox 1058 2174 1334 2250; x_wconf 71' lang='lat' dir='ltr'><strong>silvaeque</strong></span> <span class='ocrx_word' id='word_1_143' title='bbox 1361 2181 1423 2231; x_wconf 91' lang='lat' dir='ltr'><strong>et</strong></span> <span class='ocrx_word' id='word_1_144' title='bbox 1448 2192 1603 2231; x_wconf 80' lang='lat' dir='ltr'><strong>saeva</strong></span> <span class='ocrx_word' id='word_1_145' title='bbox 1629 2171 1894 2250; x_wconf 69' lang='lat' dir='ltr'><strong>quierant</strong></span> 
     </span>
     <span class='ocr_line' id='line_1_25' title="bbox 389 2248 1903 2329; baseline 0.003 -22"><span class='ocrx_word' id='word_1_146' title='bbox 389 2248 687 2326; x_wconf 80' lang='lat' dir='ltr'><strong>AEquora3</strong></span> <span class='ocrx_word' id='word_1_147' title='bbox 730 2272 911 2329; x_wconf 92' lang='lat' dir='ltr'><strong>quum</strong></span> <span class='ocrx_word' id='word_1_148' title='bbox 938 2252 1131 2310; x_wconf 90' lang='lat' dir='ltr'><strong>medio</strong></span> <span class='ocrx_word' id='word_1_149' title='bbox 1159 2252 1467 2310; x_wconf 84' lang='lat' dir='ltr'><strong>volvuntur</strong></span> <span class='ocrx_word' id='word_1_150' title='bbox 1494 2253 1681 2309; x_wconf 90' lang='lat' dir='ltr'><strong>sidera</strong></span> <span class='ocrx_word' id='word_1_151' title='bbox 1698 2251 1863 2328; x_wconf 89' lang='lat' dir='ltr'><strong>lapsu</strong></span> <span class='ocrx_word' id='word_1_152' title='bbox 1885 2271 1903 2325; x_wconf 81' lang='lat'><em>3</em></span> 
     </span>
     <span class='ocr_line' id='line_1_26' title="bbox 392 2327 2117 2407; baseline 0.001 -22"><span class='ocrx_word' id='word_1_153' title='bbox 392 2328 590 2399; x_wconf 83' lang='lat' dir='ltr'><strong>Quum</strong></span> <span class='ocrx_word' id='word_1_154' title='bbox 617 2337 771 2389; x_wconf 88' lang='lat' dir='ltr'><strong>tacet</strong></span> <span class='ocrx_word' id='word_1_155' title='bbox 797 2331 982 2388; x_wconf 89' lang='lat' dir='ltr'><strong>omnis</strong></span> <span class='ocrx_word' id='word_1_156' title='bbox 1011 2349 1175 2405; x_wconf 82' lang='lat' dir='ltr'><strong>ager3</strong></span> <span class='ocrx_word' id='word_1_157' title='bbox 1217 2332 1494 2407; x_wconf 80' lang='lat' dir='ltr'><strong>pecudeS,</strong></span> <span class='ocrx_word' id='word_1_158' title='bbox 1521 2331 1809 2406; x_wconf 85' lang='lat' dir='ltr'><strong>pietaeque</strong></span> <span class='ocrx_word' id='word_1_159' title='bbox 1835 2327 2117 2405; x_wconf 83' lang='lat' dir='ltr'><strong>volucres,</strong></span> 
     </span>
     <span class='ocr_line' id='line_1_27' title="bbox 391 2406 2004 2484; baseline -0.001 -19"><span class='ocrx_word' id='word_1_160' title='bbox 391 2406 660 2484; x_wconf 65' lang='lat' dir='ltr'><strong>Quaeque</strong></span> <span class='ocrx_word' id='word_1_161' title='bbox 685 2408 845 2466; x_wconf 81' lang='lat' dir='ltr'><strong>lacus</strong></span> <span class='ocrx_word' id='word_1_162' title='bbox 871 2406 985 2466; x_wconf 73' lang='lat' dir='ltr'><strong>late</strong></span> <span class='ocrx_word' id='word_1_163' title='bbox 1014 2408 1283 2484; x_wconf 90' lang='lat' dir='ltr'><strong>liquidos,</strong></span> <span class='ocrx_word' id='word_1_164' title='bbox 1312 2426 1556 2484; x_wconf 85' lang='lat' dir='ltr'><strong>quaeque</strong></span> <span class='ocrx_word' id='word_1_165' title='bbox 1586 2426 1788 2484; x_wconf 90' lang='lat' dir='ltr'><strong>aspera</strong></span> <span class='ocrx_word' id='word_1_166' title='bbox 1813 2406 2004 2464; x_wconf 91' lang='lat' dir='ltr'><strong>dumis</strong></span> 
     </span>
     <span class='ocr_line' id='line_1_28' title="bbox 389 2483 1810 2562; baseline 0.001 -20"><span class='ocrx_word' id='word_1_167' title='bbox 389 2483 555 2546; x_wconf 85' lang='lat' dir='ltr'><strong>Rura</strong></span> <span class='ocrx_word' id='word_1_168' title='bbox 580 2494 796 2561; x_wconf 89' lang='lat' dir='ltr'><strong>tenent,</strong></span> <span class='ocrx_word' id='word_1_169' title='bbox 826 2505 1027 2550; x_wconf 89' lang='lat' dir='ltr'><strong>somno</strong></span> <span class='ocrx_word' id='word_1_170' title='bbox 1052 2486 1255 2562; x_wconf 85' lang='lat' dir='ltr'><strong>positae</strong></span> <span class='ocrx_word' id='word_1_171' title='bbox 1284 2484 1393 2543; x_wconf 90' lang='lat' dir='ltr'><strong>sub</strong></span> <span class='ocrx_word' id='word_1_172' title='bbox 1421 2493 1592 2543; x_wconf 89' lang='lat' dir='ltr'><strong>nocte</strong></span> <span class='ocrx_word' id='word_1_173' title='bbox 1620 2485 1810 2543; x_wconf 82' lang='lat' dir='ltr'><strong>silenti</strong></span> 
     </span>
     <span class='ocr_line' id='line_1_29' title="bbox 391 2562 1703 2638; baseline -0.002 -16"><span class='ocrx_word' id='word_1_174' title='bbox 391 2562 681 2622; x_wconf 86' lang='lat' dir='ltr'><strong>Lenibant</strong></span> <span class='ocrx_word' id='word_1_175' title='bbox 706 2583 891 2638; x_wconf 84' lang='lat' dir='ltr'><strong>curas,</strong></span> <span class='ocrx_word' id='word_1_176' title='bbox 920 2573 977 2622; x_wconf 91' lang='lat' dir='ltr'><strong>et</strong></span> <span class='ocrx_word' id='word_1_177' title='bbox 1004 2564 1177 2621; x_wconf 91' lang='lat' dir='ltr'><strong>corda</strong></span> <span class='ocrx_word' id='word_1_178' title='bbox 1202 2563 1380 2620; x_wconf 84' lang='lat' dir='ltr'><strong>oblita</strong></span> <span class='ocrx_word' id='word_1_179' title='bbox 1405 2562 1662 2620; x_wconf 89' lang='lat' dir='ltr'><strong>laborum</strong></span> <span class='ocrx_word' id='word_1_180' title='bbox 1686 2582 1703 2619; x_wconf 51' lang='lat' dir='ltr'><strong>t¹</strong></span> 
     </span>
    </p>

    <p class='ocr_par' dir='ltr' id='par_1_10' title="bbox 390 2640 1997 2871">
     <span class='ocr_line' id='line_1_30' title="bbox 390 2640 1924 2714; baseline -0.001 -17"><span class='ocrx_word' id='word_1_181' title='bbox 390 2640 472 2698; x_wconf 83' lang='lat' dir='ltr'><strong>At</strong></span> <span class='ocrx_word' id='word_1_182' title='bbox 495 2659 612 2697; x_wconf 86' lang='lat' dir='ltr'><strong>non</strong></span> <span class='ocrx_word' id='word_1_183' title='bbox 640 2641 843 2699; x_wconf 82' lang='lat' dir='ltr'><strong>infelix</strong></span> <span class='ocrx_word' id='word_1_184' title='bbox 870 2642 1045 2698; x_wconf 90' lang='lat' dir='ltr'><strong>animi</strong></span> <span class='ocrx_word' id='word_1_185' title='bbox 1074 2641 1411 2711; x_wconf 81' lang='lat' dir='ltr'><strong>Phoenissa3</strong></span> <span class='ocrx_word' id='word_1_186' title='bbox 1455 2658 1643 2714; x_wconf 91' lang='lat' dir='ltr'><strong>neque</strong></span> <span class='ocrx_word' id='word_1_187' title='bbox 1671 2658 1924 2714; x_wconf 88' lang='lat' dir='ltr'><strong>unquam</strong></span> 
     </span>
     <span class='ocr_line' id='line_1_31' title="bbox 395 2716 1943 2793; baseline 0 -19"><span class='ocrx_word' id='word_1_188' title='bbox 395 2716 649 2775; x_wconf 87' lang='lat' dir='ltr'><strong>Solvitur</strong></span> <span class='ocrx_word' id='word_1_189' title='bbox 673 2718 732 2775; x_wconf 88' lang='lat' dir='ltr'><strong>in</strong></span> <span class='ocrx_word' id='word_1_190' title='bbox 762 2737 1014 2793; x_wconf 77' lang='lat' dir='ltr'><strong>somnOS,</strong></span> <span class='ocrx_word' id='word_1_191' title='bbox 1043 2718 1300 2775; x_wconf 85' lang='lat' dir='ltr'><strong>oculisve</strong></span> <span class='ocrx_word' id='word_1_192' title='bbox 1329 2726 1426 2775; x_wconf 91' lang='lat' dir='ltr'><strong>aut</strong></span> <span class='ocrx_word' id='word_1_193' title='bbox 1450 2726 1684 2793; x_wconf 88' lang='lat' dir='ltr'><strong>pectore</strong></span> <span class='ocrx_word' id='word_1_194' title='bbox 1711 2725 1943 2775; x_wconf 89' lang='lat' dir='ltr'><strong>noctem</strong></span> 
     </span>
     <span class='ocr_line' id='line_1_32' title="bbox 393 2791 1997 2871; baseline 0.001 -18"><span class='ocrx_word' id='word_1_195' title='bbox 393 2795 661 2871; x_wconf 88' lang='lat' dir='ltr'><strong>Accipit:</strong></span> <span class='ocrx_word' id='word_1_196' title='bbox 706 2796 1064 2870; x_wconf 87' lang='lat' dir='ltr'><strong>ingeminant</strong></span> <span class='ocrx_word' id='word_1_197' title='bbox 1088 2815 1276 2869; x_wconf 85' lang='lat' dir='ltr'><strong>curae;</strong></span> <span class='ocrx_word' id='word_1_198' title='bbox 1319 2813 1627 2870; x_wconf 84' lang='lat' dir='ltr'><strong>rursusque</strong></span> <span class='ocrx_word' id='word_1_199' title='bbox 1654 2814 1957 2871; x_wconf 83' lang='lat' dir='ltr'><strong>resurgens</strong></span> <span class='ocrx_word' id='word_1_200' title='bbox 1990 2791 1997 2800; x_wconf 68' lang='lat'><em>‘</em></span> 
     </span>
    </p>

    <p class='ocr_par' dir='ltr' id='par_1_11' title="bbox 341 2869 1817 2950">
     <span class='ocr_line' id='line_1_33' title="bbox 341 2869 1817 2950; baseline -0.001 -19"><span class='ocrx_word' id='word_1_201' title='bbox 341 2869 352 2884; x_wconf 79' lang='lat'><strong><em>¹</em></strong></span> <span class='ocrx_word' id='word_1_202' title='bbox 396 2873 575 2931; x_wconf 78' lang='lat' dir='ltr'><strong>Saevit</strong></span> <span class='ocrx_word' id='word_1_203' title='bbox 600 2893 775 2948; x_wconf 88' lang='lat' dir='ltr'><strong>amor,</strong></span> <span class='ocrx_word' id='word_1_204' title='bbox 806 2893 1125 2950; x_wconf 83' lang='lat' dir='ltr'><strong>magnoque</strong></span> <span class='ocrx_word' id='word_1_205' title='bbox 1153 2874 1359 2931; x_wconf 89' lang='lat' dir='ltr'><strong>irarum</strong></span> <span class='ocrx_word' id='word_1_206' title='bbox 1388 2873 1626 2930; x_wconf 86' lang='lat' dir='ltr'><strong>fluctuat</strong></span> <span class='ocrx_word' id='word_1_207' title='bbox 1654 2881 1817 2931; x_wconf 79' lang='lat' dir='ltr'><strong>aestu.</strong></span> 
     </span>
    </p>

    <p class='ocr_par' dir='ltr' id='par_1_12' title="bbox 395 2949 1850 3028">
     <span class='ocr_line' id='line_1_34' title="bbox 395 2949 1850 3028; baseline 0 -19"><span class='ocrx_word' id='word_1_208' title='bbox 395 2951 492 3009; x_wconf 89' lang='lat' dir='ltr'><strong>Sic</strong></span> <span class='ocrx_word' id='word_1_209' title='bbox 521 2949 664 3008; x_wconf 71' lang='lat' dir='ltr'><strong>adeo</strong></span> <span class='ocrx_word' id='word_1_210' title='bbox 692 2952 920 3026; x_wconf 88' lang='lat' dir='ltr'><strong>insistit,</strong></span> <span class='ocrx_word' id='word_1_211' title='bbox 948 2968 1263 3028; x_wconf 84' lang='lat' dir='ltr'><strong>secumque</strong></span> <span class='ocrx_word' id='word_1_212' title='bbox 1290 2952 1371 3010; x_wconf 89' lang='lat' dir='ltr'><strong>ita</strong></span> <span class='ocrx_word' id='word_1_213' title='bbox 1398 2952 1570 3008; x_wconf 89' lang='lat' dir='ltr'><strong>corde</strong></span> <span class='ocrx_word' id='word_1_214' title='bbox 1598 2952 1850 3011; x_wconf 86' lang='lat' dir='ltr'><strong>volutat:</strong></span> 
     </span>
    </p>

    <p class='ocr_par' dir='ltr' id='par_1_13' title="bbox 393 3025 2075 3265">
     <span class='ocr_line' id='line_1_35' title="bbox 393 3025 1808 3107; baseline 0 -20"><span class='ocrx_word' id='word_1_215' title='bbox 393 3029 487 3087; x_wconf 89' lang='lat' dir='ltr'><strong>En</strong></span> <span class='ocrx_word' id='word_1_216' title='bbox 516 3030 656 3105; x_wconf 89' lang='lat' dir='ltr'><strong>quid</strong></span> <span class='ocrx_word' id='word_1_217' title='bbox 685 3049 790 3107; x_wconf 82' lang='lat' dir='ltr'><strong>ago</strong></span> <span class='ocrx_word' id='word_1_218' title='bbox 815 3033 837 3086; x_wconf 75' lang='grc' dir='ltr'><em>Ρ</em></span> <span class='ocrx_word' id='word_1_219' title='bbox 880 3049 1149 3089; x_wconf 89' lang='lat' dir='ltr'><strong>rursusne</strong></span> <span class='ocrx_word' id='word_1_220' title='bbox 1174 3025 1568 3107; x_wconf 79' lang='lat' dir='ltr'><strong>procos-irrisa</strong></span> <span class='ocrx_word' id='word_1_221' title='bbox 1591 3031 1808 3107; x_wconf 88' lang='lat' dir='ltr'><strong>priores</strong></span> 
     </span>
     <span class='ocr_line' id='line_1_36' title="bbox 394 3104 2075 3186; baseline -0.002 -19"><span class='ocrx_word' id='word_1_222' title='bbox 394 3107 714 3184; x_wconf 83' lang='lat' dir='ltr'><strong>Experiar?</strong></span> <span class='ocrx_word' id='word_1_223' title='bbox 795 3108 1245 3186; x_wconf 87' lang='lat' dir='ltr'><strong>Nomadumque</strong></span> <span class='ocrx_word' id='word_1_224' title='bbox 1271 3118 1467 3185; x_wconf 89' lang='lat' dir='ltr'><strong>petam</strong></span> <span class='ocrx_word' id='word_1_225' title='bbox 1496 3109 1784 3166; x_wconf 86' lang='lat' dir='ltr'><strong>connubia</strong></span> <span class='ocrx_word' id='word_1_226' title='bbox 1810 3104 2075 3183; x_wconf 83' lang='lat' dir='ltr'><strong>supplex,</strong></span> 
     </span>
     <span class='ocr_line' id='line_1_37' title="bbox 395 3186 1801 3265; baseline -0.001 -22"><span class='ocrx_word' id='word_1_227' title='bbox 395 3187 560 3257; x_wconf 80' lang='lat' dir='ltr'><strong>Quos</strong></span> <span class='ocrx_word' id='word_1_228' title='bbox 588 3205 695 3264; x_wconf 85' lang='lat' dir='ltr'><strong>ego</strong></span> <span class='ocrx_word' id='word_1_229' title='bbox 724 3187 832 3245; x_wconf 88' lang='lat' dir='ltr'><strong>sim</strong></span> <span class='ocrx_word' id='word_1_230' title='bbox 857 3186 1030 3244; x_wconf 83' lang='lat' dir='ltr'><strong>toties</strong></span> <span class='ocrx_word' id='word_1_231' title='bbox 1048 3189 1169 3265; x_wconf 89' lang='lat' dir='ltr'><strong>jam</strong></span> <span class='ocrx_word' id='word_1_232' title='bbox 1196 3187 1504 3262; x_wconf 87' lang='lat' dir='ltr'><strong>dedignata</strong></span> <span class='ocrx_word' id='word_1_233' title='bbox 1529 3186 1801 3243; x_wconf 85' lang='lat' dir='ltr'><strong>maritos?</strong></span> 
     </span>
    </p>

    <p class='ocr_par' dir='ltr' id='par_1_14' title="bbox 396 3262 1786 3341">
     <span class='ocr_line' id='line_1_38' title="bbox 396 3262 1786 3341; baseline -0.002 -19"><span class='ocrx_word' id='word_1_234' title='bbox 396 3263 599 3323; x_wconf 84' lang='lat' dir='ltr'><strong>Iliacas</strong></span> <span class='ocrx_word' id='word_1_235' title='bbox 627 3266 799 3341; x_wconf 85' lang='lat' dir='ltr'><strong>igitur</strong></span> <span class='ocrx_word' id='word_1_236' title='bbox 824 3264 1034 3323; x_wconf 85' lang='lat' dir='ltr'><strong>classes</strong></span> <span class='ocrx_word' id='word_1_237' title='bbox 1053 3273 1234 3341; x_wconf 51' lang='lat' dir='ltr'><strong>*atque</strong></span> <span class='ocrx_word' id='word_1_238' title='bbox 1262 3265 1466 3322; x_wconf 88' lang='lat' dir='ltr'><strong>ultima</strong></span> <span class='ocrx_word' id='word_1_239' title='bbox 1491 3262 1786 3321; x_wconf 68' lang='lat' dir='ltr'><strong>Teucrum</strong></span> 
     </span>
    </p>

    <p class='ocr_par' dir='ltr' id='par_1_15' title="bbox 390 3337 2054 3733">
     <span class='ocr_line' id='line_1_39' title="bbox 390 3337 1931 3421; baseline 0 -23"><span class='ocrx_word' id='word_1_240' title='bbox 390 3340 560 3400; x_wconf 87' lang='lat' dir='ltr'><strong>Jussa</strong></span> <span class='ocrx_word' id='word_1_241' title='bbox 586 3347 827 3421; x_wconf 87' lang='lat' dir='ltr'><strong>sequar?</strong></span> <span class='ocrx_word' id='word_1_242' title='bbox 869 3344 1080 3420; x_wconf 88' lang='lat' dir='ltr'><strong>quiane</strong></span> <span class='ocrx_word' id='word_1_243' title='bbox 1110 3342 1323 3400; x_wconf 85' lang='lat' dir='ltr'><strong>auxilio</strong></span> <span class='ocrx_word' id='word_1_244' title='bbox 1342 3346 1508 3420; x_wconf 89' lang='lat' dir='ltr'><strong>juvat</strong></span> <span class='ocrx_word' id='word_1_245' title='bbox 1535 3337 1670 3398; x_wconf 73' lang='lat' dir='ltr'><strong>aute</strong></span> <span class='ocrx_word' id='word_1_246' title='bbox 1692 3340 1931 3415; x_wconf 88' lang='lat' dir='ltr'><strong>levatos,</strong></span> 
     </span>
     <span class='ocr_line' id='line_1_40' title="bbox 391 3417 1959 3500; baseline 0 -23"><span class='ocrx_word' id='word_1_247' title='bbox 391 3423 512 3478; x_wconf 83' lang='lat' dir='ltr'><strong>Aut</strong></span> <span class='ocrx_word' id='word_1_248' title='bbox 536 3421 686 3480; x_wconf 88' lang='lat' dir='ltr'><strong>bene</strong></span> <span class='ocrx_word' id='word_1_249' title='bbox 714 3424 866 3500; x_wconf 88' lang='lat' dir='ltr'><strong>apud</strong></span> <span class='ocrx_word' id='word_1_250' title='bbox 894 3441 1178 3481; x_wconf 89' lang='lat' dir='ltr'><strong>memores</strong></span> <span class='ocrx_word' id='word_1_251' title='bbox 1205 3421 1415 3478; x_wconf 87' lang='lat' dir='ltr'><strong>veteris</strong></span> <span class='ocrx_word' id='word_1_252' title='bbox 1443 3426 1553 3477; x_wconf 88' lang='lat' dir='ltr'><strong>stat</strong></span> <span class='ocrx_word' id='word_1_253' title='bbox 1580 3418 1758 3493; x_wconf 84' lang='lat' dir='ltr'><strong>gratia</strong></span> <span class='ocrx_word' id='word_1_254' title='bbox 1783 3417 1959 3477; x_wconf 84' lang='lat' dir='ltr'><strong>facti?</strong></span> 
     </span>
     <span class='ocr_line' id='line_1_41' title="bbox 394 3493 2054 3575; baseline -0.001 -21"><span class='ocrx_word' id='word_1_255' title='bbox 394 3498 543 3568; x_wconf 77' lang='lat' dir='ltr'><strong>Quis</strong></span> <span class='ocrx_word' id='word_1_256' title='bbox 571 3518 664 3557; x_wconf 92' lang='lat' dir='ltr'><strong>me</strong></span> <span class='ocrx_word' id='word_1_257' title='bbox 693 3508 902 3575; x_wconf 88' lang='lat' dir='ltr'><strong>autem,</strong></span> <span class='ocrx_word' id='word_1_258' title='bbox 930 3501 1019 3559; x_wconf 88' lang='lat' dir='ltr'><strong>sac</strong></span> <span class='ocrx_word' id='word_1_259' title='bbox 1048 3500 1218 3574; x_wconf 85' lang='lat' dir='ltr'><strong>velle,</strong></span> <span class='ocrx_word' id='word_1_260' title='bbox 1248 3499 1438 3556; x_wconf 87' lang='lat' dir='ltr'><strong>sinet?</strong></span> <span class='ocrx_word' id='word_1_261' title='bbox 1479 3496 1765 3554; x_wconf 86' lang='lat' dir='ltr'><strong>ratibusve</strong></span> <span class='ocrx_word' id='word_1_262' title='bbox 1794 3493 2054 3575; x_wconf 89' lang='lat' dir='ltr'><strong>superbis</strong></span> 
     </span>
     <span class='ocr_line' id='line_1_42' title="bbox 394 3574 2021 3654; baseline -0.001 -20"><span class='ocrx_word' id='word_1_263' title='bbox 394 3576 648 3634; x_wconf 83' lang='lat' dir='ltr'><strong>Invisam</strong></span> <span class='ocrx_word' id='word_1_264' title='bbox 676 3578 962 3654; x_wconf 82' lang='lat' dir='ltr'><strong>accipiet?</strong></span> <span class='ocrx_word' id='word_1_265' title='bbox 1043 3579 1105 3637; x_wconf 90' lang='lat' dir='ltr'>N</span> <span class='ocrx_word' id='word_1_266' title='bbox 1109 3578 1275 3651; x_wconf 79' lang='lat' dir='ltr'><strong>esciS,</strong></span> <span class='ocrx_word' id='word_1_267' title='bbox 1303 3576 1458 3633; x_wconf 81' lang='lat' dir='ltr'><strong>heu!</strong></span> <span class='ocrx_word' id='word_1_268' title='bbox 1500 3575 1741 3654; x_wconf 89' lang='lat' dir='ltr'><strong>perdita,</strong></span> <span class='ocrx_word' id='word_1_269' title='bbox 1768 3574 2021 3634; x_wconf 89' lang='lat' dir='ltr'><strong>necdum</strong></span> 
     </span>
     <span class='ocr_line' id='line_1_43' title="bbox 392 3654 1574 3733; baseline -0.001 -22"><span class='ocrx_word' id='word_1_270' title='bbox 392 3655 838 3712; x_wconf 84' lang='lat' dir='ltr'><strong>Laomedonteae</strong></span> <span class='ocrx_word' id='word_1_271' title='bbox 868 3655 1044 3713; x_wconf 87' lang='lat' dir='ltr'><strong>sentis</strong></span> <span class='ocrx_word' id='word_1_272' title='bbox 1071 3655 1321 3733; x_wconf 89' lang='lat' dir='ltr'><strong>perjuria</strong></span> <span class='ocrx_word' id='word_1_273' title='bbox 1346 3654 1574 3731; x_wconf 85' lang='lat' dir='ltr'><strong>gentis?</strong></span> 
     </span>
    </p>

    <p class='ocr_par' dir='ltr' id='par_1_16' title="bbox 392 3731 2067 3889">
     <span class='ocr_line' id='line_1_44' title="bbox 396 3731 2067 3807; baseline -0.002 -17"><span class='ocrx_word' id='word_1_274' title='bbox 396 3733 555 3804; x_wconf 81' lang='lat' dir='ltr'><strong>Quid</strong></span> <span class='ocrx_word' id='word_1_275' title='bbox 583 3735 747 3790; x_wconf 87' lang='lat' dir='ltr'><strong>tum?</strong></span> <span class='ocrx_word' id='word_1_276' title='bbox 790 3732 913 3790; x_wconf 90' lang='lat' dir='ltr'><strong>sola</strong></span> <span class='ocrx_word' id='word_1_277' title='bbox 939 3732 1074 3807; x_wconf 64' lang='lat' dir='ltr'><strong>fuga</strong></span> <span class='ocrx_word' id='word_1_278' title='bbox 1101 3742 1302 3790; x_wconf 90' lang='lat' dir='ltr'><strong>nautas</strong></span> <span class='ocrx_word' id='word_1_279' title='bbox 1331 3731 1646 3790; x_wconf 87' lang='lat' dir='ltr'><strong>comitabor</strong></span> <span class='ocrx_word' id='word_1_280' title='bbox 1672 3731 1956 3802; x_wconf 84' lang='lat' dir='ltr'><strong>ovantes?</strong></span> <span class='ocrx_word' id='word_1_281' title='bbox 2060 3788 2067 3794; x_wconf 76' lang='grc'><strong><em>,</em></strong></span> 
     </span>
     <span class='ocr_line' id='line_1_45' title="bbox 392 3810 1728 3889; baseline -0.002 -19"><span class='ocrx_word' id='word_1_282' title='bbox 392 3815 487 3870; x_wconf 80' lang='lat' dir='ltr'><strong>An</strong></span> <span class='ocrx_word' id='word_1_283' title='bbox 516 3811 707 3889; x_wconf 82' lang='lat' dir='ltr'><strong>Tyriis</strong></span> <span class='ocrx_word' id='word_1_284' title='bbox 735 3810 1008 3885; x_wconf 90' lang='lat' dir='ltr'><strong>omnique</strong></span> <span class='ocrx_word' id='word_1_285' title='bbox 1036 3829 1210 3868; x_wconf 89' lang='lat' dir='ltr'><strong>manu</strong></span> <span class='ocrx_word' id='word_1_286' title='bbox 1237 3810 1442 3886; x_wconf 88' lang='lat' dir='ltr'><strong>stipata</strong></span> <span class='ocrx_word' id='word_1_287' title='bbox 1468 3826 1728 3867; x_wconf 86' lang='lat' dir='ltr'><strong>meorum</strong></span> 
     </span>
    </p>
   </div>
   <div class='ocr_carea' id='block_1_3' title="bbox 2233 782 2348 839">
    <p class='ocr_par' dir='ltr' id='par_1_17' title="bbox 2233 782 2348 839">
     <span class='ocr_line' id='line_1_46' title="bbox 2233 782 2348 839; baseline 0.017 -2"><span class='ocrx_word' id='word_1_288' title='bbox 2233 782 2348 839; x_wconf 78' lang='lat'><strong>505</strong></span> 
     </span>
    </p>
   </div>
   <div class='ocr_carea' id='block_1_4' title="bbox 2232 1170 2408 1248">
    <p class='ocr_par' dir='ltr' id='par_1_18' title="bbox 2232 1170 2408 1248">
     <span class='ocr_line' id='line_1_47' title="bbox 2232 1170 2408 1248; baseline 0 -24"><span class='ocrx_word' id='word_1_289' title='bbox 2232 1170 2348 1225; x_wconf 77' lang='lat'><strong>510</strong></span> <span class='ocrx_word' id='word_1_290' title='bbox 2396 1240 2408 1248; x_wconf 16' lang='grc' dir='ltr'><strong><em>ί</em></strong></span> 
     </span>
    </p>
   </div>
   <div class='ocr_carea' id='block_1_5' title="bbox 2116 1524 2345 1610">
    <p class='ocr_par' dir='ltr' id='par_1_19' title="bbox 2116 1524 2345 1610">
     <span class='ocr_line' id='line_1_48' title="bbox 2116 1524 2345 1610; baseline 0 0"><span class='ocrx_word' id='word_1_291' title='bbox 2116 1524 2119 1529; x_wconf 73' lang='grc'><strong><em>’</em></strong></span> <span class='ocrx_word' id='word_1_292' title='bbox 2229 1555 2345 1610; x_wconf 78' lang='lat'><strong>515</strong></span> 
     </span>
    </p>
   </div>
   <div class='ocr_carea' id='block_1_6' title="bbox 2231 1943 2346 1998">
    <p class='ocr_par' dir='ltr' id='par_1_20' title="bbox 2231 1943 2346 1998">
     <span class='ocr_line' id='line_1_49' title="bbox 2231 1943 2346 1998; baseline -0.009 0"><span class='ocrx_word' id='word_1_293' title='bbox 2231 1943 2346 1998; x_wconf 77' lang='lat'><strong>520</strong></span> 
     </span>
    </p>
   </div>
   <div class='ocr_carea' id='block_1_7' title="bbox 2228 2305 2347 2387">
    <p class='ocr_par' dir='ltr' id='par_1_21' title="bbox 2228 2305 2347 2387">
     <span class='ocr_line' id='line_1_50' title="bbox 2228 2305 2347 2387; baseline 0.008 -1"><span class='ocrx_word' id='word_1_294' title='bbox 2228 2305 2347 2387; x_wconf 66' lang='lat'><strong>⁵25</strong></span> 
     </span>
    </p>
   </div>
   <div class='ocr_carea' id='block_1_8' title="bbox 2232 2720 2348 2776">
    <p class='ocr_par' dir='ltr' id='par_1_22' title="bbox 2232 2720 2348 2776">
     <span class='ocr_line' id='line_1_51' title="bbox 2232 2720 2348 2776; baseline -0.009 0"><span class='ocrx_word' id='word_1_295' title='bbox 2232 2720 2348 2776; x_wconf 76' lang='lat'><strong>530</strong></span> 
     </span>
    </p>
   </div>
   <div class='ocr_carea' id='block_1_9' title="bbox 2230 3108 2348 3163">
    <p class='ocr_par' dir='ltr' id='par_1_23' title="bbox 2230 3108 2348 3163">
     <span class='ocr_line' id='line_1_52' title="bbox 2230 3108 2348 3163; baseline 0 0"><span class='ocrx_word' id='word_1_296' title='bbox 2230 3108 2348 3163; x_wconf 76' lang='lat'><strong>535</strong></span> 
     </span>
    </p>
   </div>
   <div class='ocr_carea' id='block_1_10' title="bbox 2234 3499 2351 3554">
    <p class='ocr_par' dir='ltr' id='par_1_24' title="bbox 2234 3499 2351 3554">
     <span class='ocr_line' id='line_1_53' title="bbox 2234 3499 2351 3554; baseline -0.009 0"><span class='ocrx_word' id='word_1_297' title='bbox 2234 3499 2351 3554; x_wconf 77' lang='lat'><strong>540</strong></span> 
     </span>
    </p>
   </div>
  </div>
 </body>
</html>
