2717 4300
1244 290 1481 346 LIBER
1519 292 1565 346 1.

428 435 513 495 Et
537 455 719 513 genus
743 434 1016 521 invigum,
1043 446 1104 497 et
1127 439 1273 516 rapti
1300 440 1658 517 Ganymedis
1682 440 1951 503 honores.

430 516 543 572 His
568 534 814 574 accensa
838 535 1030 593 super,
1049 520 1298 595 jactatos
1324 537 1557 595 aequore
1586 529 1703 578 toto

428 593 630 668 TroaS,
660 594 926 670 reliquias
953 595 1220 654 Danaum
1251 606 1423 674 atque
1450 598 1685 656 immitis
1711 597 1951 671 Achilli,

427 673 681 731 Arcebat
706 670 875 747 longe
906 672 1112 731 Latio:
1155 674 1477 752 multosque
1504 694 1609 753 per
1633 695 1815 736 annos

429 750 715 809 Errabant
741 751 853 808 aeti
878 750 1009 825 fatis
1034 752 1213 809 maria
1238 755 1432 811 omnia
1457 754 1696 812 circum.

429 831 634 887 Tantae
663 828 829 886 molis
857 837 978 887 erat
1003 830 1326 889 Romana-m
1353 832 1603 889 condere
1629 834 1900 908 gentem!

506 907 627 964 Vix
654 925 689 964 e
716 915 1026 983 conspeetu
1058 908 1270 966 Siculae
1299 909 1519 968 telluris
1546 911 1604 968 in
1633 910 1811 969 altum

428 983 581 1044 Vela
606 984 819 1042 dabant
844 985 978 1060 laeti,
1003 995 1063 1045 et
1087 1006 1320 1063 spumas
1347 988 1481 1046 salis
1510 1007 1623 1046 aere
1651 989 1926 1064 ruebant3

431 1064 628 1135 Quum
653 1062 828 1138 Juno,
858 1072 1134 1129 aeternum
1162 1084 1397 1125 servans
1425 1066 1532 1124 sub
1557 1075 1793 1143 pectore
1818 1068 2047 1146 vulnus,

433 1142 581 1199 Haec
611 1159 841 1199 secum:
884 1142 1068 1200 Mene
1094 1143 1323 1220 incepto
1351 1146 1627 1203 desistere
1653 1146 1911 1205 victam?

431 1220 490 1278 N
496 1239 562 1277 ec
587 1238 755 1296 posse
787 1219 952 1277 ltalia
980 1220 1339 1279 Teucrorum
1367 1233 1623 1281 avertere
1650 1228 1891 1299 regem?

434 1298 665 1375 Quippe
690 1306 852 1356 vetor
877 1298 1045 1356 fatis!
1090 1296 1357 1358 Pallasne
1386 1319 1626 1358 exurere
1653 1301 1899 1361 classem

429 1377 727 1453 Argivum,
756 1384 926 1453 atque
953 1377 1108 1454 ipsos
1134 1379 1320 1454 potuit
1346 1379 1712 1454 submergere
1735 1389 1933 1458 ponto,

432 1455 619 1514 Unius
646 1455 720 1512 ob
747 1473 961 1512 noxam
990 1463 1050 1512 et
1075 1455 1250 1515 furias
1275 1458 1476 1536 Ajacis
1504 1457 1700 1517 Oilei?
1889 1458 1899 1467 '

431 1533 583 1610 Ipsa,
609 1532 772 1590 Jovis
798 1533 1057 1610 rapidum
1077 1535 1333 1613 jaculata
1358 1554 1393 1593 e
1419 1534 1670 1595 nubibus
1697 1536 1911 1614 ignem,

428 1611 790 1691 Disjeeitque
816 1619 982 1686 rates,
1011 1614 1328 1691 evertitque
1355 1634 1584 1691 aequora
1606 1614 1834 1688 ventis3

431 1690 604 1749 Illum
632 1690 1016 1765 exspirantem
1043 1693 1316 1750 transfixo
1342 1706 1578 1768 pectore
1600 1692 1862 1755 flammas

429 1769 690 1827 Turbine
716 1768 1007 1845 corripuit,
1034 1771 1390 1848 scopuloque
1417 1772 1610 1830 infixit
1635 1779 1841 1831 acuto:

428 1848 539 1906 Ast
563 1865 692 1924 ego,
720 1865 853 1924 quae
878 1847 1077 1905 divum
1104 1849 1311 1906 incedo
1339 1850 1555 1926 regina,
1581 1849 1859 1926 Jovisque

429 1926 513 1984 Et
538 1944 694 1984 soror
720 1935 779 1985 et
804 1926 1039 2002 conjux,
1068 1927 1182 1986 unii
1211 1946 1344 1985 eum
1370 1936 1544 2003 gente
1569 1935 1655 1988 tot
1680 1947 1862 1986 annos

428 2004 598 2062 Bella
621 2005 790 2081 gero!
833 2003 917 2065 Et
940 2004 1239 2083 quisquam
1265 2004 1484 2064 numen
1502 2006 1768 2065 *Junonis
1784 2007 1983 2067 adoret

429 2083 735 2158 Praeterea,
765 2090 862 2140 aut
885 2083 1132 2161 supplex
1159 2084 1268 2142 aris
1288 2085 1547 2162 imponat
1572 2084 1897 2143 honorem?

508 2162 675 2219 Talia
700 2161 989 2220 flammato
1016 2180 1215 2220 secum
1244 2163 1355 2220 dea
1381 2164 1555 2219 corde
1582 2162 1865 2239 volutans,

426 2238 773 2297 Nimborum
800 2240 861 2297 in
887 2240 1149 2317 patriam,
1177 2239 1308 2297 loca
1331 2239 1471 2297 foeta
1496 2240 1817 2298 furentibus
1844 2242 2069 2317 austris,

429 2317 683 2375 AEoliam
710 2318 886 2376 venit.
971 2316 1091 2375 Hic
1116 2326 1279 2376 vasto
1307 2335 1411 2374 rex
1436 2316 1646 2375 AEolus
1675 2325 1837 2376 antro

432 2395 741 2453 Luctantes
765 2401 969 2454 ventos
995 2404 1483 2473 tempestatesque
1509 2414 1745 2454 sonoras

431 2473 682 2550 Imperio
706 2472 935 2550 premit,
964 2491 1031 2532 ae
1058 2474 1264 2532 vinclis
1291 2482 1351 2531 et
1375 2491 1604 2531 carcere
1630 2473 1849 2533 fraenat.

431 2550 525 2608 Illi
552 2551 915 2626 indignantes
942 2570 1151 2627 magno
1179 2570 1309 2610 eum
1338 2570 1630 2610 murmure
1657 2552 1869 2611 montis

428 2630 664 2687 Circum
691 2630 937 2687 claustra
959 2628 1225 2688 fremunt.
1308 2631 1485 2689 Celsa
1512 2630 1678 2688 sedet
1701 2630 1910 2689 AEolus
1936 2648 2087 2706 aree,

433 2707 671 2784 Sceptra
694 2715 898 2765 tenens
918 2723 941 2780 3·
980 2708 1277 2786 mollitque
1306 2709 1546 2782 animoS,
1574 2717 1635 2767 et
1659 2714 1940 2786 temperat
1964 2709 2094 2767 iras.

429 2786 513 2844 Ni
538 2785 727 2858 faciat,
756 2785 952 2860 maria,
980 2804 1048 2844 ac
1074 2795 1270 2861 terras,
1297 2787 1622 2864 eoelumque
1648 2785 2015 2864 profundum,

434 2864 666 2941 Quippe
694 2864 876 2922 serant
899 2865 1081 2941 rapidi
1109 2884 1327 2940 seeum,
1354 2873 1694 2941 verrantque
1721 2885 1826 2942 per
1851 2884 2033 2923 auras.

432 2943 549 3000 Sed
578 2951 739 3019 pater
763 2942 1127 3019 omnipotens
1153 2944 1444 3020 speluncis
1471 2943 1692 3003 abdidit
1717 2943 1872 3019 atris,

431 3020 565 3078 Hoc
592 3028 853 3082 metuens
878 3040 893 3077 ε
934 3021 1261 3096 molemque
1286 3031 1346 3080 et
1377 3030 1604 3080 montes
1624 3022 1858 3099 insuper
1885 3022 2029 3081 altos

433 3099 745 3175 Imposuit3
788 3116 1098 3176 regemque
1125 3098 1304 3173 dedit,
1332 3100 1430 3175 qui
1457 3099 1671 3158 foedere
1698 3107 1855 3159 certo

430 3176 512 3234 Et
536 3195 818 3253 premere,
848 3184 907 3235 et
932 3177 1105 3262 laxas*
1119 3177 1291 3235 sciret
1316 3177 1451 3234 dare
1470 3180 1668 3256 jussus
1696 3178 1970 3236 habenas.

429 3255 524 3323 Ad
550 3274 724 3331 quem
751 3263 872 3313 tum
898 3254 1054 3313 Juno
1081 3254 1326 3331 supplex
1352 3254 1445 3313 his
1472 3256 1710 3314 vocibus
1735 3275 1842 3314 usa
1868 3263 1989 3314 est:

505 3332 681 3391 AEole
717 3331 992 3409 (namque
1020 3334 1123 3392 tibi
1151 3332 1347 3391 divum
1375 3342 1539 3408 pater
1563 3341 1733 3410 atque
1759 3331 2061 3391 hominum
2084 3350 2190 3392 rex

427 3411 512 3469 Et
541 3411 796 3470 mulcere
825 3411 984 3470 dedit
1008 3412 1236 3484 fluctus,
1265 3418 1325 3469 et
1349 3411 1551 3469 tollere
1578 3409 1810 3486 vento),

430 3489 593 3547 Gens
617 3489 856 3547 inimica
880 3489 1024 3547 mihi
1050 3488 1417 3566 Tyrrhenum
1446 3489 1678 3562 navigat
1702 3506 1915 3566 aequor,

429 3567 606 3625 Ilium
634 3567 695 3625 in
724 3567 951 3625 Italiam
979 3577 1228 3644 portans,
1253 3567 1554 3643 victosque
1579 3566 1869 3626 Penates:

428 3644 636 3704 Incute
664 3645 783 3703 vim
809 3645 1019 3721 ventis,
1047 3646 1486 3721 submersasque
1512 3643 1691 3703 obrue
1717 3664 1976 3724 puppes3

430 3725 548 3783 Aut
575 3742 681 3799 age
709 3723 984 3799 diversos,
1016 3733 1075 3784 et
1100 3725 1304 3803 disjice
1330 3743 1569 3800 corpora
1592 3733 1787 3801 ponto.

426 3799 579 3861 Sunt
604 3800 751 3860 mihi
777 3800 868 3859 bis
895 3810 1116 3881 septem
1141 3803 1433 3882 praestanti
1459 3821 1695 3882 corpore
1722 3802 1787 3863 N
1786 3799 2042 3879 ymphae,

2311 297 2383 355 fil

2302 2947 2384 3002 6⁰
2553 2905 2558 2910 .

2304 3336 2383 3390 65
