2717 4300
356 280 463 338 146
743 333 747 337 .
1159 278 1526 344 AENEIDos

354 429 588 506 Terque
616 435 929 505 quaterque
957 447 1132 485 manu
1157 438 1367 504 pectus
1393 445 1664 504 percussa
1690 428 1986 503 decorum,

354 507 783 582 Flaventesque
812 506 1065 575 abscissa
1090 525 1320 563 comas:
1365 506 1523 564 Proh
1549 505 1809 583 Jupiter!
1852 506 1962 565 ibit
2210 512 2326 567 590

354 585 493 660 Hic,
525 586 621 660 ait,
651 593 710 643 et
734 584 942 641 nostris
969 583 1213 641 illuserit
1240 585 1462 641 advena
1489 585 1721 658 regnis?

352 662 493 721 Non
523 681 679 720 arma
706 662 1037 738 expedient,
1066 662 1299 737 totaque
1328 682 1405 719 ex
1433 661 1572 719 urbe
1601 670 1931 738 sequentur,

354 741 776 819 Deripientque
803 749 953 798 rates
981 741 1079 797 alii
1105 740 1444 798 navalibus?
1530 739 1654 797 Ite:

352 818 529 877 Ferte
557 819 657 877 citi
682 819 962 893 flammas,
992 819 1123 876 date
1151 819 1301 892 vela,
1328 817 1617 896 impellite
1640 837 1849 876 remos·

355 895 517 966 Quid
542 898 784 973 loquor?
816 906 917 954 aut
941 896 1042 954 ubi
1070 899 1241 954 sum?
1272 915 1404 972 quae
1432 905 1690 954 mentem
1709 897 1935 956 insania
1951 899 2180 958 mutat?
2207 903 2325 957 595

353 974 568 1032 Infelix
593 976 785 1032 Dido!
829 993 987 1032 nunc
1015 981 1073 1032 te
1095 975 1244 1032 sacta
1268 975 1453 1053 impia
1477 982 1736 1051 tangunt.

350 1053 507 1111 Tu'm
535 1053 749 1128 decuit,
778 1072 955 1128 quum
983 1063 1211 1131 sceptra
1236 1053 1430 1111 dabas.
1514 1051 1611 1110 En
1640 1055 1842 1113 dextra
1868 1055 2164 1133 fidesque!

353 1131 548 1201 Quem
575 1150 775 1189 secum
802 1133 1017 1207 patrios
1046 1132 1207 1189 aiunt
1231 1133 1491 1209 portasse
1518 1131 1789 1208 PenateS,

352 1209 547 1285 Quem
574 1209 820 1267 subiisse
846 1210 1105 1267 humeris
1131 1211 1460 1268 confectum
1489 1217 1657 1268 aetate
1682 1213 2016 1288 parentem!

349 1288 489 1347 Non
515 1288 681 1366 potui
708 1288 1009 1365 abreptum
1036 1288 1313 1346 divellere
1341 1307 1572 1365 eorpuS,
1592 1297 1661 1357 ⁴et
1685 1291 1858 1348 undis
2205 1296 2324 1351 600

353 1368 679 1444 Spargere?
723 1387 841 1437 non
870 1367 1077 1441 socios,
1106 1386 1223 1424 non
1251 1368 1443 1443 ipsum
1472 1366 1776 1427 absumere
1802 1369 1952 1427 ferro

349 1446 687 1521 Ascanium,
714 1446 1030 1522 patriisque
1059 1445 1412 1522 epulandum
1438 1464 1656 1521 ponere
1685 1447 1941 1505 mensis?

349 1521 577 1582 Verum
606 1543 821 1601 anceps
847 1543 1059 1601 pugnae
1087 1524 1273 1581 fuerat
1295 1524 1539 1581 fortuna.
1622 1525 1874 1583 Fuisset.

351 1602 546 1673 Quem
574 1603 757 1660 metui
784 1603 1097 1660 moritura?
1179 1602 1368 1659 Faces
1395 1603 1457 1660 in
1486 1611 1673 1660 castra
1697 1603 1994 1678 tulissem3

350 1679 809 1758 Implessemque
835 1681 987 1738 foros
1013 1680 1295 1753 flammis3
1338 1689 1655 1756 natumque
1681 1690 2021 1759 patremque
2203 1687 2323 1743 605

350 1760 503 1818 Cum
530 1778 743 1836 genere
772 1756 1107 1817 extinxem:
1150 1766 1368 1817 memet
1395 1778 1568 1836 super
1592 1759 1720 1836 ipsa
1746 1760 2056 1820 dedissem.

351 1839 470 1914 Sol,
499 1840 599 1915 qui
625 1846 903 1897 terrarum
929 1837 1177 1897 flammis
1206 1856 1387 1913 opera
1413 1838 1608 1895 omnia
1632 1837 1858 1914 lustraS,

348 1917 556 1994 Tuque
582 1918 786 1975 harum
812 1916 1097 1992 interpres
1123 1935 1385 1974 curarum
1415 1924 1474 1974 et
1499 1918 1730 1975 conscia
1752 1917 1928 1994 Juno‚

345 1995 408 2054 N
411 1996 779 2072 octurnisque
807 1995 1035 2053 Hecate
1062 1995 1246 2053 triviis
1273 1995 1491 2052 ululata
1514 2014 1619 2071 per
1643 1995 1836 2072 urbes,

347 2075 430 2134 Et
455 2075 615 2133 Dirae
642 2073 893 2151 ultrices,
922 2081 982 2131 et
1008 2071 1067 2130 di
1095 2073 1391 2132 morientis
1419 2074 1652 2152 Elissae,
2203 2079 2323 2135 610

345 2155 615 2231 Accipite
641 2154 790 2229 haec,
814 2153 1198 2230 meritumque
1224 2154 1393 2212 malis
1421 2155 1699 2213 advertite
1726 2174 1964 2231 numen,

347 2233 430 2292 Et
456 2235 678 2292 nostras
707 2233 902 2292 audite
927 2251 1153 2310 preces-
1240 2234 1303 2291 Si
1331 2242 1569 2310 tangere
1594 2241 1791 2310 portus

285 2372 296 2388 ‚
348 2312 657 2374 Infandum
685 2320 859 2389 eaput
885 2331 952 2369 ac
973 2312 1140 2371 terris
1165 2312 1378 2370 adnare
1405 2331 1650 2370 necesse
1677 2321 1784 2386 est,

346 2390 430 2450 Et
456 2392 539 2449 sic
565 2390 683 2449 fata
706 2390 741 2448 J
744 2391 869 2449 ovis
894 2399 1164 2467 poscunt,
1191 2390 1288 2448 hic
1319 2391 1597 2448 terminus
1617 2390 1839 2465 haeret;

344 2471 426 2528 At
451 2469 604 2527 bello
635 2470 870 2527 audacis
893 2470 1096 2546 populi
1122 2476 1366 2527 vexatus
1394 2478 1453 2528 et
1479 2469 1670 2544 armiS,
1994 2501 2003 2511 2
2204 2473 2321 2527 615

344 2547 593 2607 Finibus
622 2548 881 2622 extorriS‚
912 2547 1227 2624 complexu
1254 2547 1488 2605 avulsus
1517 2547 1665 2622 Iiili,.

344 2626 649 2684 Auxilium
676 2626 963 2702 imploret,
990 2626 1302 2706 videatque
1328 2625 1570 2701 indigna
1595 2641 1830 2685 suorum

344 2703 612 2776 Funera3
654 2722 789 2779 nec,
818 2723 1000 2781 quum
1029 2722 1093 2761 se
1121 2703 1227 2760 sub
1256 2703 1416 2778 leges
1442 2704 1603 2780 pacis
1628 2704 1856 2782 iniquae-

346 2782 692 2857 Tradiderit,
722 2801 899 2859 regno
928 2790 1026 2841 aut
1051 2782 1245 2858 optata
1271 2782 1403 2848 luce
1430 2783 1683 2857 fruatur;

349 2861 468 2920 Sed
496 2862 663 2919 cadat
690 2870 823 2920 ante
851 2860 1027 2936 diem,
1057 2861 1367 2937 mediaque
1394 2861 1730 2921 inhumatus
1757 2862 1949 2921 arena„
2203 2867 2323 2921 620

348 2939 499 2998 Haec
523 2947 761 3017 precor:
803 2940 957 2998 hanc
983 2959 1192 2997 vocem
1220 2948 1538 2998 extremam
1568 2961 1703 3000 cum
1731 2942 2013 3018 sanguine
2039 2939 2238 3000 fundo.

347 3018 504 3076 Tum
531 3038 655 3094 νος,
685 3038 719 3076 o
748 3019 931 3095 Tyrii,
955 3019 1199 3095 stirpem
1228 3027 1289 3077 et
1314 3039 1501 3095 genus
1528 3040 1703 3080 omne
1728 3020 1982 3091 futurum

347 3097 641 3157 Exercete
668 3098 836 3173 odiis,
867 3098 1162 3175 cinerique
1190 3098 1320 3157 haec
1341 3099 1550 3158 mittite
1577 3112 1772 3158 nostro

346 3177 633 3236 Munera:
678 3177 870 3236 nullus
899 3196 1058 3235 amor
1081 3177 1312 3255 populis
1340 3197 1451 3236 nec
1478 3178 1698 3237 foedera
1721 3184 1909 3235 sunto.

346 3256 629 3314 Exoriare
658 3256 863 3334 aliquis
893 3257 1100 3315 nostris
1127 3276 1205 3314 ex
1230 3253 1457 3315 ossibus
1483 3258 1675 3331 ultor„
2204 3261 2325 3316 625

349 3334 468 3404 Qui
496 3335 622 3394 face
650 3335 977 3395 Dardanios
1002 3336 1266 3412 ferroque
1294 3355 1537 3413 sequare
1565 3335 1823 3410 colonos,

348 3410 551 3489 Nunc,
585 3414 747 3489 olim,
775 3434 1145 3492 quocumque
1174 3415 1394 3473 dabunt
1422 3434 1484 3473 se
1510 3422 1771 3491 tempore
1796 3412 1967 3472 vires.

350 3488 571 3550 Littora
595 3491 880 3551 littoribus
908 3494 1209 3569 contraria,
1237 3493 1508 3553 fluctibus
1533 3494 1740 3569 undae,

350 3570 662 3646 Imprecor,
693 3590 850 3629 arma
876 3574 1076 3631 armis:
1120 3582 1383 3650 pugnent
1408 3573 1635 3650 ipsique
1663 3581 2041 3651 nepotesque.

427 3648 578 3707 Haec
607 3649 704 3723 ait,
735 3657 794 3707 et
817 3658 1011 3727 partes
1040 3653 1295 3709 animum
1323 3651 1590 3710 versabat
1614 3651 1674 3709 in
1704 3669 1927 3727 omnes,
2205 3654 2325 3709 630

350 3727 607 3785 Invisam
636 3746 903 3803 quaerens
931 3727 1359 3806 quamprimum
1391 3728 1730 3807 abrumpere
1755 3730 1967 3789 lucem.

349 3801 508 3864 Tum
533 3805 787 3866 breviter
812 3806 1041 3868 Barcen
1067 3807 1351 3866 nutricem
1376 3806 1553 3866 affata
1580 3808 1833 3888 Sychaei,
