2717 4300
352 343 436 400 tu
1068 304 1640 395 Gnonfflconun

366 491 731 566 Pascentem,
761 501 821 548 et
845 508 999 551 serae.
1016 490 1198 548 solam
1226 490 1509 547 decedere
1531 489 1727 561 nocti;

366 568 664 628 continua*
689 569 919 645 culpam
948 569 1098 625 ferro
1125 584 1456 645 compesce,
1484 567 1823 644 priusquam

360 650 509 707 Dira
532 667 639 726 per
663 647 964 705 incautum
992 655 1226 723 serpant
1251 648 1517 721 contagia
1540 646 1769 727 vulgus3

364 726 426 784 N
428 746 503 783 on
531 735 645 784 tam
676 725 877 782 creber
902 744 1080 800 agens
1107 725 1360 782 hiemem
1390 726 1505 793 ruit
1531 741 1763 801 aequore
1788 725 1977 800 turbo,
2199 731 2320 787 470

367 801 563 874 Quam
594 804 792 862 multae
820 804 1117 879 pecudum
1142 812 1371 880 pestes:
1414 821 1525 859 nec
1553 803 1780 879 singula
1805 804 1992 862 morbi

365 884 619 959 Corpora
645 881 975 958 corripiunt,
1004 883 1108 939 sed
1133 876 1479 940 tota‘aestiva
1505 880 1763 958 repente,

367 962 662 1037 Spemque
689 979 1040 1038 gregemque
1068 961 1260 1035 simul,
1290 968 1676 1036 cunctamque
1705 961 1775 1018 ab
1804 961 2023 1039 origine
2049 971 2304 1038 gentem.

442 1039 597 1097 Tum
625 1039 784 1113 sciat,
816 1042 997 1096 acrias
1023 1039 1292 1114 Alpes-et
1316 1038 1534 1096 Norica
1560 1040 1610 1094 si
1637 1040 1767 1115 quis

363 1116 617 1174 Castella
641 1119 700 1173 in
730 1118 988 1191 tumulis,
1002 1126 1078 1175 ‘et
1106 1117 1337 1194 Iapydis
1366 1117 1776 1192 arva-Timavi,
2198 1116 2328 1179 475'

363 1195 423 1252 N
426 1214 542 1253 unc
571 1214 801 1272 quoque
823 1192 956 1272 post
983 1204 1139 1253 tanto
1171 1197 1380 1269 videat,
1410 1197 1748 1271 desertaque
1775 1215 1956 1273 regna

365 1273 689 1348 Pastorum,
716 1284 775 1332 et
799 1271 971 1348 longe
1000 1275 1180 1332 saltus
1205 1271 1438 1348 lateque
1466 1273 1755 1335 vacantes.
1781 1290 1788 1293 “

442 1351 560 1408 Hic
583 1354 872 1428 quondam
901 1353 1099 1410 morbo
1129 1353 1259 1410 coeli
1288 1353 1615 1413 miseranda
1640 1361 1839 1411 coorta
1865 1361 1954 1414 est

363 1430 726 1506 TempestaS‚
754 1439 988 1505 totoque
1017 1431 1279 1488 autumni
1306 1431 1605 1488 incanduit
1630 1441 1795 1507 aestu,

364 1508 446 1566 Et
471 1528 654 1583 genus
681 1522 851 1565 omne
880 1510 1012 1565 n'eci
1039 1510 1333 1584 pecudum
1364 1509 1541 1581 dedit,
1572 1525 1745 1567 omne
1771 1511 2042 1588 ferarum,
2198 1515 2316 1570 480

362 1587 748 1662 Corrupitque
778 1587 957 1660 lacuS,
987 1587 1187 1665 infecit
1211 1586 1424 1663 pabula
1450 1586 1601 1644 tabo.

361 1664 424 1722 N
426 1683 493 1721 ec
522 1666 616 1722 via
642 1666 840 1722 mortis
869 1672 990 1721 erat
1015 1664 1298 1740 simplem
1340 1665 1445 1722 sed
1471 1664 1574 1722 ubi
1600 1665 1772 1740 ignea
1796 1669 1963 1727 venis
2023 1717 2036 1724 κ

363 1741 649 1800 Omnibus
677 1753 805 1800 acta
831 1743 954 1800 sitis
981 1744 1218 1800 miseros
1247 1744 1566 1802 adduxerat
1592 1753 1765 1820 artus,

360 1820 587 1881 Rursus
616 1821 946 1879 abundabat
969 1821 1184 1879 fluidus
1211 1822 1417 1897 liquor,
1448 1823 1758 1900 omniaque
1783 1824 1847 1883 in
1869 1845 1937 1885 se
2077 1876 2090 1885 .

364 1898 513 1956 Ossa
538 1900 865 1957 minutatim
891 1902 1091 1958 morbo
1118 1900 1372 1976 collapsa
1396 1901 1673 1960 trahebat.
1795 1909 1801 1917 ²
2197 1908 2315 1962 485
2349 1900 2356 1913 ’

364 1974 534 2054 Saepe
562 1977 623 2034 in
650 1977 867 2035 honore
895 1978 1070 2035 desim
1096 1980 1290 2051 medio
1318 1980 1475 2036 stans
1503 1978 1692 2037 hostia
1717 1981 1791 2039 ad
1816 2000 1994 2059 aram,

360 2055 559 2115 Lanea
585 2056 724 2112 dum
754 2056 924 2117 nivea
952 2056 1338 2114 circumdatur
1366 2057 1548 2116 infula
1571 2057 1734 2133 vitta,

361 2133 519 2193 Inter
544 2143 880 2193 cunctantes
907 2135 1118 2194 cecidit
1143 2136 1487 2193 moribunda
1514 2137 1822 2196 ministros.

359 2213 481 2275 &ut
506 2213 554 2272 si
581 2233 753 2290 quam
779 2214 928 2273 ferro
955 2224 1302 2273 mactaverat
1328 2213 1460 2273 ante
1490 2218 1774 2293 sacerdos,

362 2289 506 2350 Inde
533 2311 725 2369 neque
752 2293 1038 2370 impositis
1065 2295 1266 2353 ardent
1293 2294 1491 2352 altaria
1516 2294 1694 2370 fibris,
1739 2338 1743 2342 -
2196 2299 2315 2355 490

357 2370 422 2430 N
423 2389 491 2428 ec
519 2390 794 2448 responsa
817 2380 1008 2448 potest
1035 2374 1334 2432 consultus
1361 2363 1601 2429 reddere
1628 2381 1828 2445 vates;

357 2450 448 2507 Ac
475 2449 576 2506 vix
594 2451 878 2526 suppositi
905 2452 1205 2523 tinguntur
1230 2450 1511 2524 sanguine
1538 2449 1724 2524 cultri,

361 2527 709 2603 Summaque
729 2527 936 2605 jejuna
963 2528 1124 2585 sanie
1151 2528 1469 2585 infuscatur
1495 2523 1706 2585 arena(

358 2605 517 2664 Hinc
544 2606 689 2662 laetis
716 2604 880 2663 vituli
907 2603 1081 2681 vulgo
1109 2607 1429 2663 moriuntur
1454 2606 1512 2662 in
1542 2605 1755 2681 herbis,

359 2682 440 2740 Et
464 2683 662 2740 dulces
688 2684 906 2740 animas
934 2684 1107 2760 plena
1134 2685 1204 2740 ad
1232 2684 1514 2760 praesepia
1540 2685 1804 2742 reddunt.
2195 2690 2315 2745 495

357 2760 515 2817 Hinc
543 2760 781 2824 canibus
806 2761 1032 2820 blandis
1061 2762 1248 2819 rabies
1272 2763 1470 2834 venit3
1515 2771 1573 2820 et
1600 2763 1781 2839 quatit
1807 2782 1990 2839 aegros

356 2837 561 2896 Tussis
587 2840 794 2898 anhela
819 2859 971 2914 sueS,
1000 2860 1067 2898 ac
1094 2841 1354 2899 faucibus
1383 2842 1539 2916 angit
1566 2842 1774 2900 obesis.

356 2916 594 2974 Labitur
631 2918 853 2992 infelix,
883 2920 1199 2977 studiorum
1227 2930 1400 2996 atque
1421 2920 1972 2996 immemor'herbae,

355 2994 559 3056 Victor
584 3016 784 3073 equus,
813 2997 1113 3074 fontesque
1141 2999 1430 3073 avertitur,
1460 3008 1521 3057 et
1544 3000 1696 3075 pede
1724 3009 1932 3059 terram

355 3073 576 3132 Crebra
597 3076 760 3134 ferit:
804 3077 1070 3134 demissae
1097 3096 1295 3149 aure-83
1340 3078 1592 3135 incertus
1620 3078 1837 3138 ibidem
2195 3083 2313 3137 500

359 3152 564 3228 Sudor,
592 3163 652 3213 et
677 3155 773 3212 ille
800 3156 1036 3231 quidem
1063 3156 1349 3214 morituris
1377 3157 1615 3232 frigidus
1639 3176 1653 3213 τ
1696 3159 1818 3222 aret
2006 3187 2010 3192 ·

355 3231 552 3307 Pellis,
583 3242 642 3291 et
668 3235 738 3291 ad
767 3242 980 3292 tactum
1006 3236 1271 3293 tractanti
1298 3236 1441 3292 dura
1466 3236 1695 3292 resistit.

355 3309 504 3368 Haec
532 3320 663 3370 ante
691 3313 931 3370 exitium
959 3314 1158 3389 primis
1184 3314 1322 3372 dant
1348 3314 1513 3389 signa
1537 3312 1775 3371 diebus:

357 3388 458 3444 Sin
489 3388 548 3445 in
575 3410 845 3465 processu
875 3392 1049 3468 coepit
1075 3390 1417 3450 crudescere
1444 3391 1695 3465 morbus,

354 3465 505 3522 Tum
535 3466 672 3524 vero
704 3472 968 3528 ardentes
995 3471 1166 3546 oculi,
1197 3480 1369 3548 atque
1397 3479 1663 3528 attractus
1691 3467 1763 3527 ab
1790 3468 1907 3528 alto
2196 3474 2314 3531 505

357 3543 598 3620 Spiritus
625 3547 910 3604 interdum
937 3551 1153 3623 gemitu
1181 3550 1388 3624 gravis,
1416 3549 1645 3623 imaque
1673 3548 1848 3624 longo

356 3622 467 3679 Ilia
492 3623 741 3699 singultu
770 3626 1047 3698 tendunt3
1090 3628 1136 3685 it
1161 3627 1393 3685 naribus
1421 3635 1542 3684 ater

357 3700 620 3775 Sanguis,
650 3711 709 3759 et
734 3702 998 3760 obsessas
1024 3704 1218 3761 fauces
1245 3705 1453 3780 premit
1481 3723 1681 3781 aspera
1705 3706 1919 3783 lingua.

353 3778 575 3838 Profuit
599 3781 825 3838 inserto
839 3781 1041 3838 latices
1066 3781 1368 3840 infundere
1395 3800 1573 3841 cornu

355 3858 633 3918 Lenaeos:
677 3878 749 3919 ea
773 3858 898 3918 visa
923 3859 1074 3918 salus
1103 3860 1477 3919 morientibus
1504 3861 1648 3921 una-⁷
2200 3866 2316 3923 510
