2717 4300
1153 285 1384 343 LIBER
1420 287 1520 345 vt.
2212 299 2317 354 1⁷9

354 429 779 509 Euadnenque,
808 440 867 492 et
890 431 1237 511 Pasiphaen.
1321 437 1436 495 His
1463 437 1777 498 Laodamia

356 511 412 571 It
435 530 664 584 comes3
692 518 768 603 ‘et
784 511 1019 589 juvenis
1047 514 1357 590 quondam,
1386 535 1541 575 nunc
1567 516 1821 594 foemina,
1851 519 2068 600 Caenis,

356 590 578 648 Rursus
605 596 664 647 et
687 608 748 646 m
775 598 1030 649 veterem
1056 592 1171 651 fato
1200 593 1460 652 revoluta
1485 595 1744 671 figuram.
1828 652 1833 658 .

357 669 515 727 Inter
540 687 680 744 quas
707 666 1013 728 Phoenissa
1037 689 1239 733 recens
1266 690 1301 728 a
1325 671 1566 731 vulnere
1593 673 1751 734 Dido
2198 681 2316 739 450

354 746 600 806 Errabat
625 744 771 804 silva
796 746 856 803 in
884 749 1093 823 magnii
1116 769 1130 806 ε
1163 768 1347 825 quam
1376 750 1587 809 Troius
1614 751 1786 812 heros

226 855 237 862 ·
356 825 441 885 Ut
464 821 713 902 primum
730 825 902 901 juxta
926 826 1102 919 stetit,
1132 828 1479 920 agnqvitque
1505 848 1609 906 per
1632 830 1893 891 umbram

357 902 695 978 Obscuram,
722 902 951 979 qualem
976 924 1160 981 primo
1188 926 1287 983 qui
1313 926 1547 982 surgere
1573 927 1774 968 mense

354 982 477 1040 Aut
500 981 659 1039 videt
684 988 782 1039 aut
805 981 1028 1041 vidisse
1088 990 1209 1043 utat
1232 1003 1338 1061 per
1364 985 1565 1044 nubila
1588 986 1807 1062 lunam,

354 1058 606 1118 Demisit
629 1059 930 1136 lacrymas,
960 1003 1227 1139 dussique
1255 1060 1462 1120 affatus
1489 1082 1684 1123 amore
1710 1072 1832 1124 est:
2200 1072 2319 1130 455

356 1141 567 1201 Infelix
592 1141 769 1215 Dido,
796 1159 966 1199 verus
994 1139 1139 1199 mihi
1163 1141 1399 1200 nuntius
1424 1160 1563 1219 ergo

354 1221 611 1279 Venerat
635 1220 966 1295 extinctam,
993 1218 1255 1296 ferroque
1283 1226 1543 1277 extrema
1567 1220 1862 1280 secutam!

355 1298 620 1373 FuneriS,
647 1297 765 1355 heu
787 1300 802 1354 l
845 1296 950 1356 tibi
977 1315 1151 1355 causa
1174 1296 1294 1354 fui!
1378 1297 1494 1355 Per
1517 1296 1708 1357 sidera
1724 1299 1883 1376 juro,

357 1376 467 1434 Per
493 1395 748 1454 superos,
777 1384 836 1435 et
861 1375 911 1433 si
937 1392 1052 1452 qua
1077 1375 1221 1433 fides
1246 1374 1454 1434 tellure
1481 1376 1587 1434 sub
1613 1375 1733 1435 ima
1759 1383 1868 1453 est,

359 1455 601 1529 Invitus,
629 1453 845 1530 regina,
873 1461 973 1512 tuo
1002 1452 1075 1511 de
1102 1453 1289 1512 littore
1317 1452 1485 1512 cessi.
2191 1459 2310 1514 460

356 1534 472 1592 Sed
499 1552 593 1590 me
611 1535 776 1611 jussa
799 1530 992 1606 desim,
1021 1551 1152 1609 quae
1180 1550 1336 1590 nunc
1361 1529 1468 1590 has
1495 1531 1577 1589 ire
1601 1550 1707 1609 per
1731 1530 1984 1609 umbras,

357 1612 468 1671 Per
492 1612 619 1670 loca
644 1619 808 1669 senta
832 1610 944 1669 situ
970 1618 1203 1687 cogunt,
1232 1617 1577 1688 noctemque
1602 1610 1967 1689 profundam,

356 1690 619 1768 Imperiis
645 1687 817 1766 egere
842 1688 961 1748 suis
981 1707 1137 1762 32nec
1166 1688 1401 1746 credere
1427 1688 1587 1765 quivi
1820 1760 1827 1765 .

359 1769 529 1827 Hunc
556 1777 776 1828 tantum
801 1767 909 1827 tibi
933 1786 1027 1826 me
1053 1767 1311 1825 discessu
1336 1766 1484 1827 ferre
1511 1767 1785 1827 dolorem.
2266 1826 2275 1835 ,

356 1848 506 1906 Siste
532 1847 791 1923 gradum,
817 1848 990 1922 teque
1016 1845 1292 1923 adspectu
1317 1863 1395 1902 ne
1418 1845 1690 1905 subtrahe
1716 1854 1929 1906 nostro.
2193 1851 2310 1906 465

356 1926 549 1997 Quem
576 1925 770 2000 fugis?
813 1932 1134 1983 extremum
1160 1924 1283 1983 fato
1303 1924 1459 2001 quod
1485 1932 1542 1983 te
1570 1924 1829 2001 alloquor
1853 1926 1967 1985 hoc
1994 1932 2099 1985 est.

356 2003 597 2063 Talibus
623 2003 845 2062 AEneas
872 2003 1165 2061 ardentem
1196 2010 1253 2062 et
1278 2009 1442 2062 torva
1464 2010 1723 2061 tuentem

356 2082 601 2142 Lenibat
625 2081 793 2142 dictis
819 2080 1095 2156 animum,
1123 2080 1518 2159 lacrymasque
1546 2080 1751 2142 ciebat.

359 2162 464 2222 [lla
489 2162 610 2221 solo
637 2161 785 2219 fixos
812 2160 1009 2219 oculos
1038 2178 1242 2218 aversa
1267 2160 1538 2234 tenebat3
1566 2171 1571 2174 “

358 2241 485 2300 Nec
510 2237 693 2317 magis
718 2240 950 2331 incepto
975 2238 1200 2298 vultum
1228 2257 1492 2296 sermone
1520 2246 1802 2322 movetur,
2193 2244 2312 2298 470
2394 2297 2406 2304 ,

356 2317 550 2391 Quam
578 2319 627 2377 si
653 2320 794 2377 dura
818 2318 966 2376 sllex
994 2324 1093 2378 aut
1116 2324 1229 2375 stet
1253 2316 1550 2394 Marpesia
1576 2324 1791 2375 cautes.

356 2398 618 2457 Tandem
644 2396 789 2456 corri
829 2396 915 2456 uit
939 2415 1086 2473 sese,
1116 2404 1285 2472 atque
1310 2394 1547 2453 inimica
1570 2394 1780 2472 refugit

356 2476 424 2535 In
451 2496 654 2535 nemus
680 2417 1071 2549 umssriferum,
1099 2476 1315 2553 conjux
1341 2473 1443 2531 ubi
1468 2472 1743 2551 pristinus
1768 2469 1854 2532 illi

358 2556 691 2633 Respondet
716 2554 884 2630 curis,
914 2561 1215 2632 aequatque
1245 2550 1524 2629 Sychaeus
1553 2571 1825 2614 amorem.

358 2635 484 2694 Nec
510 2630 703 2692 minus
728 2632 949 2692 AEneas
976 2651 1112 2690 casu
1139 2650 1445 2710 percussus
1472 2631 1671 2709 iniquo
1842 2641 1845 2646 “
2190 2636 2311 2691 4¹75

357 2712 725 2789 Prosequitur
746 2707 1285 2788 lacrymans‘longe,
1316 2717 1377 2769 et
1402 2709 1703 2770 miseratur
1729 2717 1982 2769 euntem.
2140 2710 2145 2714 ’

434 2791 579 2850 Inde
606 2791 801 2849 datum
828 2789 1059 2848 molitur
1084 2789 1222 2848 iter:
1258 2791 1498 2868 jamque
1528 2808 1660 2847 arva
1686 2789 1961 2850 tenebant

360 2870 595 2944 Ultima,
623 2887 752 2945 quae
779 2868 933 2926 bello
962 2867 1100 2925 clari
1127 2875 1348 2944 secreta
1374 2866 1754 2943 frequentant.

355 2948 471 3007 Hic
497 2948 584 3006 illi
610 2945 854 3006 occurrit
880 2945 1138 3021 Tydeus,
1163 2944 1262 3003 hic
1290 2944 1537 3036 inclytus
1564 2946 1735 3004 armis

351 3027 824 3121 Parthenonaeus,
854 3031 914 3082 et
938 3022 1169 3081 Adrasti
1193 3023 1460 3099 pallentis
1485 3022 1693 3099 imago.
2194 3027 2311 3084 480

354 3105 472 3165 Hic
505 3106 750 3165 multum
775 3102 897 3162 fleti
924 3095 1281 3178 adsuperos,
1307 3100 1576 3177 belloque
1605 3101 1827 3178 caduci,

353 3184 738 3257 Dardanidae3
782 3200 927 3260 quos
952 3181 1052 3239 ille
1079 3198 1281 3238 omnes
1308 3179 1480 3255 longo
1508 3179 1707 3238 ordine
1735 3196 1997 3253 cernens,

355 3263 681 3340 Ingemuit;
726 3262 1145 3336 Glaucumque,
1174 3257 1591 3335 Medontaque,
1620 3255 2199 3333 Thersilochumque,

353 3342 500 3401 Tres
526 3340 932 3416 Antenoridas,
961 3338 1275 3413 Cererique
1301 3356 1526 3398 sacrum
1553 3335 1959 3413 Polyphoeten,

355 3420 687 3498 Idaeumque
716 3418 890 3478 etiam
917 3437 1135 3491 currus,
1164 3416 1340 3475 etiam
1369 3435 1542 3489 arma,
1570 3421 1884 3473 tenentem.
2194 3419 2310 3474 485

353 3500 740 3559 Circumstant
760 3497 968 3556 animae
992 3495 1194 3555 dextra
1217 3493 1483 3571 laevaque
1509 3494 1853 3570 frequentes.

352 3579 487 3638 Nec
511 3579 725 3637 vidisse
753 3575 933 3636 semel
961 3572 1096 3635 satis
1124 3582 1247 3634 est:
1284 3576 1451 3652 juvat
1477 3590 1659 3650 usque
1688 3571 1912 3648 morari,

354 3657 438 3717 Et
463 3657 721 3717 conferre
748 3655 1008 3731 gradum,
1037 3661 1097 3713 et
1121 3652 1396 3711 veniendi
1423 3652 1645 3716 discere
1672 3669 1891 3710 causas.

352 3738 437 3795 At
461 3735 731 3795 Danaum
758 3752 1042 3811 proceres,
1068 3730 1664 3808 Agamemnoniaeque
1689 3730 2025 3807 phalangeS,

361 3814 443 3875 Ut
467 3812 668 3874 videre
694 3812 884 3873 virum
903 3810 1304 3888 fulgentiaque
1331 3829 1490 3868 arma
1512 3828 1619 3887 per
1643 3809 1895 3884 umbras,
2198 3809 2315 3862 490
