2717 4300
1270 290 1503 363 nrum
1541 293 1612 347 n.
2346 299 2423 359 9⁹

464 434 847 509 Dardanidae3
877 432 989 514 'qui
1016 456 1079 495 se
1107 438 1364 514 ignotum
1393 440 1758 499 venientibus
1786 444 1954 520 ultre,

464 513 596 569 Hoc
624 514 811 589 ipsum
841 525 903 573 ut
928 525 1188 591 strueret,
1218 518 1572 596 Trojamque
1602 521 1849 596 aperiret
1874 523 2136 601 Achivis,
2339 533 2419 588 60

466 592 783 666 obtulerat,
813 594 998 653 fidens
1026 595 1222 670 animi,
1252 608 1423 672 atque
1449 599 1507 655 in
1536 600 1839 676 utrumque
1864 611 2115 681 paratus,

467 670 583 726 Seu
610 689 837 729 versare
864 672 1046 749 dolos,
1075 693 1178 731 seu
1207 685 1380 734 certae
1409 677 1752 735 occumbere
1780 681 1966 738 morti.

462 748 738 825 Undique
764 751 988 809 visendi
1016 752 1203 810 studio
1232 753 1485 832 Trojana
1503 758 1780 831 juventus

464 827 826 886 Circumfusa
852 831 980 905 ruit,
1010 839 1343 908 certantque
1372 833 1611 891 illudere
1638 845 1824 911 capte.

465 905 685 981 Accipe
713 926 867 965 nunc
896 909 1166 967 Danaum
1195 910 1469 985 iusidias;
1514 919 1573 970 et
1599 912 1838 972 crimine
1865 913 1935 971 ab
1964 935 2081 975 uno
2336 924 2415 977 65

464 983 639 1041 Disce
668 1002 910 1044 omnes.‘
1552 1046 1561 1058 ,
1956 1014 1973 1027 .

463 1063 733 1136 Namque
761 1074 824 1122 ut
850 1074 1162 1142 conspectu
1188 1067 1249 1123 in
1278 1068 1491 1142 medio,
1521 1069 1796 1145 turbatus„
1824 1070 2078 1148 inermis,

464 1140 754 1217 Constitit,
777 1154 945 1219 atque
972 1144 1156 1201 oculis
1184 1146 1439 1222 Phrygia
1465 1149 1695 1222 agmina
1720 1150 2159 1225 circumspexit:

465 1217 601 1276 Heu
625 1223 638 1276 !
687 1241 815 1297 quae
844 1241 998 1279 nunc
1027 1222 1216 1297 tellus,
1245 1224 1449 1298 inquit,
1479 1245 1606 1301 quae
1635 1245 1730 1283 me
1759 1246 1989 1303 aequora
2011 1239 2253 1305 possunt

463 1298 789 1377 Accipere?
820 1307 918 1357 aut
943 1301 1081 1375 quid
1101 1302 1226 1377 jam
1255 1303 1464 1371 misero
1491 1303 1635 1359 mihi
1663 1304 1910 1379 denique
1939 1315 2130 1381 restat,
2335 1312 2412 1364 '70

447 1376 579 1434 ‘Cui
606 1397 793 1456 neque
821 1380 978 1454 apud
1002 1379 1240 1435 Danaos
1267 1398 1509 1454 usquam
1537 1380 1718 1454 locus,
1748 1389 1807 1438 et
1832 1400 2013 1457 super!
2028 1384 2139 1459 ipsi
2333 1400 2351 1413 ⁷

462 1455 809 1516 Dardanidae
841 1455 1047 1515 infensi
1074 1476 1275 1532 poenas
1302 1477 1436 1514 cum
1464 1459 1742 1533 sanguine
1769 1464 2059 1535 poscunt?

464 1533 597 1605 Quo
626 1536 841 1612 gemitu
870 1536 1132 1593 conversi
1161 1526 1355 1609 animi,
1386 1555 1746 1613 compressus
1772 1545 1832 1595 et
1859 1539 2045 1597 omnis

463 1612 725 1706 Impetus
749 1635 762 1672 ε
805 1613 1099 1672 hortamur
1124 1614 1245 1689 fari,
1276 1634 1393 1690 quo
1419 1616 1700 1691 sanguine
1728 1624 1938 1692 cretus»,

463 1691 696 1762 Quidve
722 1694 866 1751 ferat
891 1702 1189 1769 memoret,
1216 1712 1345 1767 quae
1376 1695 1449 1759 sit
1476 1695 1689 1752 fiducia
1714 1703 1900 1771 capto·
2333 1701 2410 1769 75

468 1771 606 1847 [Ille
634 1773 782 1848 haec,
812 1771 1073 1847 deposita
1096 1773 1331 1830 tandem
1359 1772 1682 1847 formidine,
1711 1773 1860 1831 satur
1885 1773 1932 1850 ε]

538 1851 765 1910 Cuncta
790 1851 1059 1926 equidem
1086 1850 1211 1925 tibi,
1240 1869 1363 1925 rex,
1390 1852 1560 1909 fuerit
1585 1853 2008 1928 quodcumque,
2034 1851 2256 1912 fatebor
2284 1848 2307 1858 ”

460 1928 634 2005 Vera,
664 1930 886 2006 inquit:
929 1948 1117 2005 neque
1145 1948 1239 1986 me
1265 1930 1538 2005 Argolica
1565 1931 1637 1988 de
1665 1939 1837 2006 gente
1863 1929 2122 2006 negab03

461 2007 592 2065 Hoc
620 2008 867 2085 primum
892 2029 905 2066 z
948 2027 1077 2083 nec,
1105 2007 1155 2065 si
1181 2008 1454 2066 miserum
1481 2009 1706 2068 fortuna
1735 2009 2013 2077 Sinonem

460 2086 679 2163 Finxit,
707 2106 923 2145 vanum
950 2087 1123 2144 etiam
1153 2087 1607 2164 mendacemque
1635 2088 1896 2165 improba
1921 2088 2116 2165 finget.
2332 2090 2411 2146 80

461 2164 661 2224 Fando
689 2167 937 2243 aliquod,
967 2165 1015 2222 si
1042 2161 1186 2222 forte
1216 2174 1342 2222 tuas
1368 2168 1631 2242 pervenit
1658 2168 1729 2223 ad
1763 2185 1928 2224 aures

460 2243 682 2304 Belidae
710 2264 923 2304 nomen
951 2243 1296 2318 PalamediS‚
1326 2251 1385 2301 et
1410 2243 1625 2319 inclyta
1650 2244 1805 2301 sama

462 2322 693 2398 Gloria3
736 2343 908 2399 quem
935 2322 1079 2383 salsa
1105 2320 1212 2378 sub
1239 2321 1564 2398 proditione
1592 2321 1824 2397 Pelasgi

462 2399 774 2477 Insontem,
803 2400 1039 2460 infando
1068 2400 1303 2474 indicio,
1332 2400 1469 2476 quia
1495 2400 1648 2458 bella
1672 2399 1923 2475 vetabat,

459 2479 960 2552 Demiserenneci3
1003 2496 1156 2536 nunc
1183 2498 1411 2537 cassum
1440 2478 1658 2538 lumine
1685 2479 1921 2555 lugent:
2232 2529 2237 2534 .
2334 2481 2412 2537 85

463 2557 554 2615 Illi
582 2577 674 2616 me
703 2558 993 2633 comitem,
1024 2566 1083 2615 et
1108 2558 1601 2633 consanguinitate
1629 2558 2033 2635 propinquum,
2072 2565 2081 2572 ‘

459 2636 688 2713 Pauper
712 2638 771 2695 in
802 2656 958 2694 arma
982 2646 1143 2713 pater
1167 2637 1366 2712 primis
1395 2636 1510 2696 huc
1540 2637 1696 2695 misit
1722 2636 1792 2695 ab
1822 2636 2002 2695 annis·

458 2714 618 2772 Dum
646 2716 831 2773 stabat
859 2734 1036 2790 regno
1063 2715 1388 2789 incolumiS,
1419 2734 1730 2791 regumque
1758 2714 1992 2791 vigebat

459 2793 757 2870 Conciliis‚
788 2803 846 2851 et
871 2813 977 2851 nos
1006 2794 1242 2869 aliquod.
1262 2812 1592 2869 nomenque
1621 2795 1914 2869 decusque

461 2872 760 2929 Gessimus
785 2892 798 2929 t
841 2872 1061 2929 invidia
1085 2880 1388 2947 postquam
1418 2872 1652 2949 pellacis
1681 2872 1916 2948 Ulyssei
2122 2897 2130 2910 ¹
2335 2877 2414 2931 90

465 2948 673 3025 (Haud
700 2950 895 3025 ignota
920 2950 1147 3025 loquor)
1185 2950 1408 3025 superis
1437 2950 1723 3008 concessit
1749 2950 1981 3024 ab·oriS,

460 3027 724 3087 Afflictus
749 3030 926 3088 vitam
954 3028 1015 3086 in
1043 3027 1295 3086 tenebris
1321 3029 1592 3104 luctuque
1620 3028 1937 3102 trahebam,

459 3105 542 3163 Et
566 3126 760 3165 casum
787 3106 1029 3165 insontis
1057 3124 1284 3164 mecum
1311 3106 1650 3182 indignabar
1677 3107 1864 3164 amici.

459 3184 591 3242 Nec
617 3186 769 3243 tacui
797 3186 1036 3243 demens
1060 3205 1076 3258 ;
1121 3192 1181 3243 et
1206 3204 1320 3258 me,
1348 3184 1462 3242 sors
1489 3184 1538 3242 si
1565 3204 1680 3261 qua
1706 3185 1948 3258 tulisset,

463 3263 524 3320 Si
550 3264 761 3339 patrios
787 3284 1042 3341 unquam
1071 3263 1418 3321 remeassem
1448 3263 1629 3320 victor
1656 3264 1728 3321 ad
1755 3265 1962 3336 ArgoS,
2336 3265 2414 3320 95

458 3341 703 3400 Promisi
730 3342 976 3401 ultorem
998 3362 1015 3415 ;
1060 3349 1119 3400 et
1144 3341 1334 3399 verbis
1363 3342 1494 3399 odia
1521 3361 1722 3418 aspera
1747 3338 1924 3396 movi.

459 3419 618 3477 Hinc
648 3420 792 3478 mihi
816 3422 1004 3499 prima
1028 3420 1167 3479 mali
1193 3419 1353 3477 labes
1376 3439 1393 3491 ;
1436 3420 1574 3477 hinc
1604 3436 1833 3495 semper
1859 3417 2101 3492 Ulysses

458 3497 814 3558 Criminibus
842 3508 1052 3558 terrere
1075 3499 1283 3571 *novis;
1327 3498 1464 3555 hinc
1492 3515 1759 3573 spargere
1785 3515 1959 3553 voces

460 3575 530 3633 In
556 3576 793 3653 vulgum
822 3578 1137 3654 ambiguam,
1166 3584 1226 3634 et
1251 3595 1508 3652 quaerere
1537 3574 1802 3633 conscius
1831 3593 2006 3632 arma.
2232 3629 2239 3635 .

456 3654 591 3714 Nec
620 3656 905 3732 requievit
931 3658 1106 3730 enim²
1136 3656 1320 3712 donec
1349 3654 1670 3712 Calchante
1699 3653 1975 3710 ministro.
2009 3692 2025 3707 .
2057 3691 2072 3707 .
2103 3690 2120 3707 .
2305 3656 2414 3709 lCO

459 3733 578 3792 Sed
605 3734 747 3809 quid
773 3753 881 3809 ego
907 3734 1036 3792 hoec
1067 3742 1256 3792 antem
1287 3732 1678 3807 nequidquam
1706 3732 1927 3804 ingrata
1952 3727 2185 3786 revolvo
2208 3728 2232 3783 ?

461 3812 695 3883 Quidve
725 3816 957 3869 moror?
1003 3812 1066 3870 Si
1094 3830 1297 3869 omnes
1324 3829 1444 3868 uno
1473 3810 1674 3868 ordine
1701 3808 1928 3866 habetis
1957 3804 2235 3879 Achivos,
