2717 4300
1224 309 1457 366 LIBER
1494 310 1539 366 1.
2294 316 2371 375 88

396 456 516 517 Per
539 456 727 516 varios
755 476 942 532 casus,
969 477 1074 536 per
1099 466 1184 519 tot
1208 459 1540 518 discrimina
1565 480 1777 538 rerum,

399 535 724 617 Tendimus
751 536 811 593 in
841 538 1092 613 Latium,
1124 539 1293 596 sedes
1322 538 1423 597 ubi
1449 537 1564 596 fata
1590 540 1815 614 quietas
2245 550 2380 607 205⁸

402 612 765 674 ostendunt:
807 614 927 672 illic
956 616 1040 673 fas
1069 627 1244 691 regna
1269 635 1566 691 resurgere
1595 618 1809 696 Trojae.

400 692 642 769 Durate,
670 702 732 752 et
755 701 982 751 vosmet
1007 694 1177 751 rebus
1205 704 1426 752 servate
1455 697 1744 753 secundis.

479 771 647 828 Talia
669 790 815 829 voce
842 771 1031 846 refert,
1061 774 1326 848 curisque
1355 773 1686 848 ingentibus
1716 794 1870 850 aeger

402 848 583 924 Spem
610 850 773 908 vultu
800 850 1048 923 simulat,
1076 851 1285 927 premit
1314 844 1490 909 altum
1519 853 1691 909 corde
1721 848 1993 911 dolorem.
2340 881 2366 921 .-

402 926 495 983 Illi
521 946 584 984 se
610 929 821 1004 praedae
850 928 1154 1003 accingunt
1181 929 1541 1005 dapibusque
1567 930 1805 989 futuris:
2239 939 2357 994 210

307 1012 319 1018 ‘
400 1005 655 1080 Tergora
680 1006 969 1082 deripiunt
994 1008 1186 1082 costis,
1216 1017 1273 1065 et
1298 1009 1522 1065 viscera
1541 1009 1779 1067 nudant.

398 1082 540 1140 Pars
566 1083 626 1141 in
652 1084 829 1142 frusta
852 1093 1068 1159 secant,
1096 1086 1459 1162 verubusque
1488 1072 1804 1145 trementia'
1819 1088 2038 1164 figunt:
2086 1138 2097 1149 .

398 1161 617 1219 Littore
645 1162 832 1221 ahena
855 1162 1048 1225 locant
1075 1163 1190 1236 alii,
1219 1163 1594 1240 flammasque
1623 1166 1963 1225 ministrant.

398 1236 558 1297 Tum
580 1239 738 1315 victu
766 1249 1040 1298 revocant
1065 1241 1215 1299 vires
1229 1261 1254 1313 -;
1298 1241 1527 1317 fusique
1555 1262 1659 1318 per
1684 1243 1923 1302 herbam
1950 1296 1956 1300 ,

400 1315 718 1393 Implentur
735 1318 951 1376 veteris
977 1318 1200 1375 Bacchi
1227 1318 1574 1394 pinguisque
1600 1319 1818 1378 ferinae.
2233 1329 2349 1382 215

475 1392 1087 1473 Postquam‘exempta
1114 1397 1296 1453 fames
1324 1398 1531 1474 epulis,
1560 1417 1894 1477 mensaeque
1920 1408 2176 1478 remotae,

396 1474 658 1532 Amissos
685 1475 858 1550 longo
885 1475 1071 1532 socios
1099 1476 1711 1552 sermone-requirunt,

396 1552 689 1628 Spemque
716 1561 1053 1628 metumque
1080 1554 1231 1610 inter
1256 1552 1439 1627 dubii,
1468 1573 1572 1612 seu
1599 1555 1795 1614 vivere
1822 1559 2075 1634 credant,

396 1630 534 1687 Sive
562 1640 821 1690 extrema
843 1633 982 1707 pati,
1011 1650 1121 1689 nec
1141 1633 1263 1708 jam
1294 1633 1569 1690 exaudire
1595 1643 1863 1693 vocatos.·

394 1706 695 1787 Praecipue
721 1709 853 1786 pius
880 1710 1101 1767 AEneas
1128 1728 1284 1768 nunc
1314 1711 1458 1768 acris
1487 1711 1709 1787 Oronti,
2232 1719 2349 1775 220

393 1786 572 1846 Nunc
599 1787 809 1863 Amyci
837 1807 1031 1845 casum
1061 1789 1260 1862 gemit,
1290 1797 1347 1846 et
1375 1789 1630 1847 crudelia
1655 1810 1853 1849 secum

393 1865 539 1924 Fata
566 1866 731 1942 Lyci,
760 1865 1080 1942 sortemque
1110 1867 1297 1943 Gyan,
1325 1865 1646 1943 fortemque
1674 1869 2044 1929 Cloanthum.

472 1943 553 2001 Et
570 1946 693 2021 jam
720 1944 852 2001 finis
879 1952 1017 2019 erat,
1045 1964 1223 2021 quum
1244 1945 1477 2021 Jupiter
1503 1946 1718 2004 aethere
1746 1967 1970 2006 summo
2002 1982 2011 1989 2

393 2021 736 2098 Despiciens
764 2042 920 2080 mare
945 2023 1276 2097 velivolum,
1306 2032 1597 2099 terrasque
1618 2027 1900 2103 jacentes,

392 2099 742 2176 Littoraque,
772 2109 832 2159 et
856 2101 1001 2160 latos
1027 2102 1304 2180 populos,
1322 2102 1406 2160 sic
1433 2103 1648 2162 vertice
1676 2105 1808 2164 coeli
2230 2109 2348 2165 225

394 2177 681 2253 Constitit,
709 2189 767 2239 et
788 2180 990 2257 Libyae
1020 2181 1223 2238 defixit
1248 2181 1468 2240 lumina
1491 2183 1702 2256 regnis.

391 2259 582 2333 Atque
609 2258 770 2316 illum
797 2258 942 2317 tales
962 2259 1280 2337 jactantem
1309 2267 1544 2334 pectore
1573 2278 1735 2318 curas

392 2335 651 2410 Tristior,
679 2346 739 2395 et
765 2337 1032 2413 lacrymis
1059 2337 1258 2397 oculos
1286 2336 1506 2394 suffusa
1530 2337 1799 2413 nitentes,

390 2415 721 2493 Alloquitur
747 2415 987 2474 Venus:
1032 2417 1083 2475 O
1113 2416 1214 2491 qui
1242 2435 1332 2473 res
1360 2415 1782 2493 hominumque
1810 2414 2098 2495 deumque

389 2493 826 2569 AEternisregis
854 2494 1130 2571 imperiiS,
1160 2504 1217 2553 et
1243 2493 1486 2551 fulmine
1515 2504 1712 2569 terres,
2229 2498 2346 2554 230

392 2572 548 2642 Quid
578 2591 741 2630 meus
769 2572 993 2631 AEneas
1021 2574 1079 2630 in
1108 2572 1554 2631 tecommittere
1582 2582 1822 2648 tantum,

390 2651 548 2721 Quid
577 2651 764 2708 Troes
832 2648 1048 2726 otuere,
1077 2653 1284 2729 quibus
1311 2657 1395 2709 tot
1421 2650 1622 2709 funera
1646 2652 1832 2729 passis

388 2730 648 2788 Cunctus
677 2729 751 2786 ob
813 2729 1006 2787 taliam
1031 2739 1308 2788 terrarum
1340 2728 1626 2787 clauditur
1653 2730 1852 2788 orbis?

392 2805 563 2866 Certe
591 2808 729 2866 hinc
756 2807 1051 2865 Romanos
1078 2810 1213 2866 olim
1242 2808 1608 2867 volventibus
1637 2809 1801 2867 annis

340 2895 345 2902 '
391 2886 545 2944 Hinc
575 2886 693 2944 sore
722 2886 1004 2962 ductores,
1031 2895 1296 2945 revocato
1324 2887 1668 2961 aisanguine
1695 2886 1926 2962 Teucri,
2228 2889 2345 2945 235

391 2964 509 3034 Qui
539 2984 713 3038 mare,
742 2965 844 3041 qui
871 2973 1046 3023 terras
1075 2966 1232 3022 omni
1259 2965 1476 3024 ditione
1505 2973 1786 3039 tenerent,

389 3041 727 3101 Pollicitus:
770 3062 901 3119 quae
931 3051 1008 3117 te,
1038 3044 1278 3118 genitor,
1307 3043 1595 3101 sententia
1620 3043 1831 3117 vertit?

231 3129 297 3190 ἰ,
390 3122 522 3181 Hoc
551 3122 820 3198 equidem
848 3140 1117 3179 occasum
1146 3121 1338 3197 Trojae
1367 3121 1667 3196 tristesque
1696 3122 1888 3180 ruinas

295 3201 306 3210 ’
341 3196 646 3274 ·.Solabar,
675 3201 803 3260 satis
831 3200 1114 3258 contraria
1138 3198 1255 3256 fata
1278 3199 1619 3275 rependens.
1686 3205 1689 3210 ’

388 3280 450 3338 N
455 3299 565 3337 une
592 3280 794 3337 eadem
823 3277 1057 3336 fortuna
1078 3278 1230 3335 viros
1257 3285 1341 3334 tot
1370 3277 1598 3335 casibus
1627 3284 1785 3335 actos
2227 3278 2344 3334 240

390 3357 756 3434 Insequitur:
799 3376 975 3433 quem
1004 3358 1107 3414 das
1134 3356 1330 3430 finem,
1359 3375 1462 3414 rex
1488 3373 1716 3430 magne,
1743 3352 2048 3411 laborum?

386 3438 647 3495 Antenor
671 3433 878 3513 potuit,
909 3436 1113 3493 mediis
1140 3434 1370 3509 elapsus
1397 3432 1658 3506 Achivis,

389 3515 650 3591 Illyricos
678 3523 978 3591 penetrare
1005 3514 1163 3572 sinus
1192 3522 1366 3587 atque
1394 3512 1597 3570 intima
1622 3518 1779 3570 tutus

385 3594 594 3671 Regna
620 3593 1021 3667 Liburnorum,
1051 3601 1109 3650 et
1134 3591 1351 3649 fontem
1381 3608 1647 3666 superare
1675 3587 1925 3663 Timavi,

335 3711 342 3716 -
385 3673 562 3734 Unde
589 3691 694 3748 per
719 3691 820 3737 ora
845 3690 1055 3729 novem
1086 3683 1246 3730 vasto
1274 3688 1407 3733 cum
1437 3686 1728 3727 murmure
1756 3668 1966 3726 montis
2084 3714 2098 3721 -
2226 3669 2343 3725 24δ

387 3751 444 3811 It
468 3769 625 3809 mare
651 3758 1003 3826 proruptum,
1033 3758 1093 3807 et
1115 3748 1322 3821 pelago
1353 3746 1559 3823 premit
1585 3766 1720 3812 arva
1743 3745 1987 3805 sonanti.

387 3830 505 3888 Hie
533 3837 728 3887 tamen
755 3827 854 3885 ille
881 3826 1081 3885 urbem
1102 3824 1305 3886 Patavi
1332 3826 1614 3903 sedesque
1642 3825 1857 3883 locavit
