2717 4300
1144 308 1377 369 LIBER
1406 311 1509 371 111.
2211 315 2321 375 131-

346 456 644 536 Conspexi
669 460 1000 520 venientem
1025 480 1038 519 z
1080 458 1218 520 huic
1245 482 1359 538 me,
1388 480 1773 539 quaecumque
1800 461 2023 540 suisset,

344 538 602 597 Addixi:
645 536 782 597 satis
810 547 898 598 est
922 548 1154 616 gentem
1183 540 1453 616 effugisse
1480 541 1807 599 nefandam.

344 616 471 676 Vos
503 618 754 675 animam
779 617 931 676 hanc
957 615 1150 695 potius
1178 638 1543 696 quocumque
1574 619 1859 678 absumite
1885 619 2023 679 leto-

424 694 545 753 Vix
575 714 645 753 ea
669 695 819 754 fatus
847 705 986 772 erat,
1014 716 1242 767 summo
1271 717 1450 774 quum
1477 707 1671 756 monte
1697 699 1965 758 videmus
2196 704 2314 758 655

349 770 547 851 Ipsum
576 775 728 833 inter
752 776 1006 852 pecudes
1032 776 1194 834 vasta
1221 795 1284 834 se
1312 776 1465 834 mole
1492 787 1821 836 moventem

345 852 645 911 Pastorem
676 853 1128 931 Polyphemum,
1159 865 1219 913 et
1242 854 1432 913 littora
1457 863 1596 913 nota
1618 863 1913 933 petentem
1935 875 1953 930 3

346 932 675 990 Monstrum
697 933 1065 1008 horrendum,
1088 931 1352 1009 informe,
1376 934 1601 1010 ingens,
1625 934 1718 992 cui
1738 934 1934 994 lumen
1957 934 2311 1011 ademptum.

347 1009 581 1068 Trunca
607 1029 782 1069 manu
809 1012 980 1088 pinus
1008 1012 1153 1087 regit
1179 1021 1239 1070 et
1263 1012 1506 1088 vestigia
1532 1013 1734 1071 firmat.

348 1088 647 1165 Lanigerae
676 1091 1022 1148 comitantur
1047 1109 1185 1148 oves
1206 1109 1223 1164 ς
1268 1110 1341 1148 ea
1367 1093 1489 1150 sola
1513 1091 1799 1170 voluptas,
2194 1096 2312 1151 660

351 1168 739 1244 Solamenque
766 1168 922 1226 mali.

349 1246 661 1322 Postquam
688 1248 832 1305 altos
860 1246 1048 1322 tetigit
1072 1246 1300 1322 fluctuS‚
1330 1254 1391 1306 et
1418 1246 1490 1305 ad
1519 1266 1749 1324 aequora
1774 1247 1953 1326 venit,

348 1325 611 1384 Luminis
639 1325 835 1383 effossi
859 1325 1105 1383 fluidum
1131 1325 1273 1383 lavit
1298 1326 1436 1383 inde
1465 1344 1748 1403 cruorem,

348 1404 639 1462 Dentibus
655 1404 999 1463 infrendens
1025 1404 1281 1480 gemitu3
1322 1404 1688 1482 graditurque
1714 1425 1820 1483 per
1845 1425 2042 1484 aequor

346 1482 382 1541 J
385 1503 475 1541 am
503 1483 778 1559 medium,
806 1483 1057 1541 necdum
1085 1482 1292 1541 fluetus
1319 1482 1498 1541 latera
1525 1485 1702 1542 ardua
1729 1485 1916 1544 tinxit.
2195 1489 2312 1545 665

349 1562 477 1621 Nos
502 1561 702 1639 procul
729 1561 866 1620 inde
892 1561 1085 1639 fugam
1112 1561 1320 1640 trepidi
1347 1561 1618 1638 celerare,
1647 1573 1882 1642 recepto
1928 1590 1933 1599 ·

353 1641 645 1718 Suppliee,
676 1641 759 1700 sic
788 1642 1027 1714 merit03
1070 1640 1342 1717 tacitique
1370 1640 1627 1700 incidere
1655 1641 1853 1701 funem
1877 1663 1891 1701 :

350 1720 651 1780 Verrimus
680 1729 739 1780 et
763 1720 929 1798 proni
957 1719 1305 1778 certantibus
1334 1739 1564 1797 aequora
1589 1721 1782 1779 remis.

354 1799 565 1874 Sensit,
594 1806 655 1856 et
680 1799 749 1857 ad
779 1799 1029 1857 sonitum
1057 1800 1218 1857 vocis
1242 1798 1487 1874 vestigia
1513 1800 1690 1858 torsit.
1858 1793 1868 1805 ’

350 1875 594 1953 Verum,
624 1877 723 1935 ubi
751 1878 909 1936 nulla
934 1878 1098 1936 datur
1121 1878 1333 1936 dextra
1364 1876 1630 1941 affectare
1657 1887 1931 1956 potestas,
2194 1880 2314 1936 670

351 1956 483 2016 Nec
510 1955 659 2035 potis
687 1956 884 2014 Ionios
909 1956 1117 2015 fluetus
1146 1975 1375 2033 aequare
1403 1958 1719 2033 sequendO,

353 2036 681 2095 Clamorem
708 2034 1053 2094 immensum
1081 2034 1246 2111 tollit,
1276 2054 1389 2113 quo
1415 2045 1625 2113 pontus
1653 2044 1712 2095 et
1738 2054 1939 2095 omnes

354 2112 708 2175 Intremuere
735 2115 924 2191 undae,
952 2111 1301 2193 penitusque
1331 2115 1604 2174 exterrita
1628 2115 1799 2176 tellus

354 2195 555 2270 Italiae,
584 2195 886 2272 curvisque
911 2193 1202 2269 immugiit
1226 2193 1411 2251 AEtna
1436 2196 1712 2253 cavernis.

353 2275 434 2333 At
459 2293 642 2350 genus
670 2292 704 2331 e
731 2273 891 2332 silvis
919 2272 1244 2350 Cyclopum
1272 2279 1332 2329 et
1356 2271 1650 2330 montibus
1676 2273 1805 2332 altis
2195 2275 2314 2330 675

353 2353 629 2412 Excitum
656 2352 767 2411 ruit
794 2354 867 2411 ad
890 2359 1106 2430 portuS,
1137 2357 1198 2409 et
1222 2349 1411 2409 littora
1438 2351 1746 2429 complent.
1834 2382 1846 2391 ·

354 2432 658 2491 Cernimus
687 2432 973 2490 adstantes
1000 2430 1390 2508 nequidquam
1417 2429 1637 2488 lumine
1664 2438 1826 2489 torvo

352 2512 616 2570 AEtnaeos
643 2510 859 2586 fratreS,
888 2509 1035 2568 coelo
1064 2509 1253 2587 capita
1280 2508 1396 2567 alta
1419 2509 1688 2586 ferenteS,

354 2591 682 2650 Concilium
708 2590 1056 2648 horrendum
1081 2609 1095 2646 τ
1140 2588 1336 2665 quales
1366 2607 1544 2664 quum
1571 2589 1788 2648 vertice
1815 2587 1971 2646 celso
2272 2627 2281 2632 ,

352 2670 545 2728 Aeriae
573 2687 815 2746 quercus
843 2678 943 2726 aut
967 2667 1236 2726 coniferoe
1266 2667 1543 2744 cyparissi
2198 2668 2316 2723 680

355 2749 766 2823 Constiterant,
795 2746 940 2805 silva
966 2746 1080 2805 alta
1103 2746 1284 2822 ‚Iov-is,
1311 2746 1554 2805 lucusve
1581 2746 1810 2804 Dianae.

355 2828 688 2904 Praecipites
717 2834 902 2883 metus
930 2845 1060 2884 acer
1087 2825 1202 2902 agit
1228 2822 1593 2903 quocumque
1620 2826 1891 2885 rudentes

357 2906 670 2980 Excutere,
700 2913 762 2962 et
776 2904 973 2977 ‚ventis
999 2904 1298 2972 intendere
1324 2905 1460 2962 vela
1487 2904 1771 2963 secundis·

358 2982 593 3060 Contra,
614 2987 776 3063 jussa
803 2991 1040 3040 monent
1066 2982 1284 3039 Heleni
1314 2982 1569 3060 Scyllam
1598 2992 1766 3059 atque
1795 2979 2153 3058 Charybdim

362 3060 534 3139 Inter,
563 3071 863 3139 utramque
888 3061 1045 3119 viam
1071 3059 1170 3117 leti
1199 3060 1529 3119 discrimine
1556 3081 1752 3138 parm,
2199 3060 2317 3114 685

358 3142 439 3201 Ni
468 3151 703 3201 teneant
728 3160 930 3200 cursus
954 3158 968 3197 ε
1012 3147 1231 3197 certum
1259 3147 1346 3196 est
1374 3139 1508 3197 dare
1534 3140 1715 3198 lintea
1739 3147 1907 3198 retro.

360 3221 523 3279 Eece
553 3230 745 3279 autem
765 3221 991 3296 ,Boreas
1020 3216 1263 3293 angusta
1289 3216 1363 3275 ab
1391 3218 1530 3276 sede
1556 3218 1752 3276 Pelori

361 3300 580 3359 Missus
608 3300 807 3358 adest:
851 3300 984 3357 vivo
1011 3295 1404 3375 praetervehor
1431 3297 1577 3355 ostia
1604 3316 1743 3355 saxo

361 3377 675 3455 Pantagiae,
705 3379 1091 3453 Megarosque
1118 3375 1297 3450 sinus,
1327 3375 1750 3452 Thapsumque
1769 3375 2080 3452 jacentem.

361 3457 528 3515 Talia
551 3456 901 3516 monstrabat
925 3455 1190 3530 relegens
1218 3459 1402 3511 errata
1427 3461 1737 3511 retrorsum
2199 3453 2318 3509 690

363 3535 582 3594 Littora
607 3535 1061 3607 Achemenides‚
1091 3550 1285 3590 eomes
1312 3530 1558 3589 infelicis
1590 3529 1839 3607 Ulyssei.

443 3614 674 3673 Sicanio
699 3622 978 3692 praetenta
1004 3612 1133 3670 sinu
1152 3613 1310 3689 jacet
1335 3609 1525 3668 insula
1551 3616 1750 3667 contra

364 3691 783 3769 Plemmyrium
810 3691 1099 3749 undosum
1124 3710 1137 3747 :
1181 3707 1398 3746 nomen
1427 3685 1627 3747 dixere
1653 3687 1868 3764 priores

366 3771 681 3847 Ortygiam.
764 3769 1055 3845 Alpheum
1084 3767 1236 3825 sama
1263 3775 1350 3825 est
1375 3767 1492 3825 huc
1520 3767 1708 3825 Elidis
1735 3784 1968 3824 amnem

366 3849 636 3909 Occultas
664 3846 853 3923 egisse
878 3847 1003 3904 vias
1029 3845 1226 3904 subter
1250 3864 1410 3904 mare
1431 3865 1448 3919 3
1491 3845 1591 3922 qui
1617 3863 1773 3903 nunc
2205 3839 2322 3894 695
