2717 4300
420 331 530 389 m
1216 330 1594 388 AENEIDOS.

400 482 707 540 ‘AEneadae
732 482 998 555 reserent,
1026 480 1249 542 ferrove
1274 482 1402 539 haec
1429 501 1607 557 regna
1630 482 1937 544 lacessent.

424 560 528 618 Sin
556 569 812 618 nostrum
843 560 1108 618 annuerit
1132 558 1300 617 nobis
1325 559 1564 618 victoria
1587 561 1859 637 Martem,

430 638 544 716 (Ut
570 636 761 716 potins
789 657 934 712 reor,
964 645 1023 695 et
1046 635 1239 714 potius
1265 636 1325 694 di
1352 639 1590 695 numine
1617 638 1846 698 firment
1864 639 1911 721 !)

421 715 483 774 N
486 735 560 774 on
589 736 697 792 ego
724 735 834 775 nec
860 716 1104 774 Teucris
1133 715 1309 774 Italos
1333 735 1534 793 parere
1569 715 1798 793 'ubebo,

420 795 552 853 Nec
580 794 726 851 mihi
752 813 928 870 regna
952 801 1105 871 peto.
1189 793 1434 852 Paribus
1462 813 1525 852 se
1554 735 1776 871 iegibus
1804 794 1990 855 ambae

422 872 661 931 Invictae
689 881 891 948 gentes
917 882 1133 930 aeterna
1156 872 1218 932 in
1244 872 1463 931 soedera
1486 873 1730 932 mittant.

422 951 598 1009 Sacra
623 952 879 1028 deosque
903 950 1054 1008 dabo
1078 970 1093 1008 ε
1135 969 1483 1010 socerarma
1508 951 1749 1009 Latinus
1774 951 2024 1028 habet03

422 1027 737 1106 Imperium
764 1029 1025 1087 solemne
1053 1048 1254 1087 socer:
1298 1029 1445 1086 mibi
1471 1028 1683 1087 moenia
1707 1029 1926 1089 Teucri

420 1107 807 1182 Constituent,
834 1107 1076 1185 urbique
1103 1107 1263 1165 dabit
1287 1108 1530 1165 Lavinia
1556 1126 1789 1165 nomen.

374 1241 379 1248 ,
422 1186 519 1243 Sic
548 1185 704 1262 prior
730 1185 948 1243 AEneas
971 1206 985 1243 :
1028 1185 1286 1263 sequitur
1310 1185 1394 1243 sic
1422 1185 1636 1244 deinde
1662 1186 1921 1262 Latinus,

422 1264 757 1341 suspiciens
784 1263 1014 1339 coelum,
1041 1265 1341 1342 tenditque
1366 1264 1439 1322 ad
1464 1264 1652 1322 sidera
1677 1263 1975 1322 dextram:

421 1342 569 1401 Haec
597 1343 824 1416 eadem,
853 1342 1060 1418 AEnea,
1089 1350 1316 1415 terram,
1345 1361 1525 1417 mare,
1553 1343 1759 1417 sidera,
1780 1345 1937 1422 juro,
1983 1355 1989 1366 ‘

422 1422 771 1498 Latonaeque
799 1439 981 1495 genus
1008 1421 1243 1497 duplex,
1270 1420 1598 1497 Janumque
1623 1420 1949 1496 bifrontem,

421 1497 676 1575 Vimque
703 1499 877 1557 deum
904 1499 1205 1572 infernam,
1234 1506 1292 1556 et
1317 1499 1445 1556 duri
1471 1500 1714 1557 sacraria
1738 1499 1911 1557 Ditis.

420 1578 638 1635 Audiat
660 1576 791 1634 hoec
816 1577 1060 1652 genitor,
1090 1578 1187 1653 qui
1214 1576 1430 1634 soedera
1455 1577 1697 1634 fulmine
1725 1577 1925 1636 sancit.

421 1654 627 1730 Tango
655 1673 817 1722 aras;
860 1654 1084 1713 medios
1110 1655 1275 1730 ignes
1302 1663 1363 1712 et
1389 1655 1627 1711 numina
1650 1663 1828 1713 testor
1853 1674 1868 1713 ε

422 1733 602 1792 Nulla
628 1733 753 1790 dies
779 1751 985 1810 pacem
1010 1732 1161 1789 hanc
1192 1732 1352 1791 Italis
1379 1750 1489 1791 nec
1518 1732 1735 1790 foedera
1758 1741 2006 1811 rumpet,

425 1808 562 1883 Quo
589 1830 681 1870 res
707 1830 958 1889 cumque
983 1811 1227 1885 cadent3
1270 1830 1382 1869 nec
1409 1829 1503 1868 me
1528 1811 1617 1868 vis
1644 1811 1762 1870 ulla
1784 1812 2082 1872 volentem

423 1893 701 1962 Avertet3
743 1909 881 1966 non,
910 1889 961 1948 si
986 1889 1251 1948 tellurem
1278 1889 1539 1948 effundat
1563 1889 1624 1947 in
1651 1890 1835 1949 undas

422 1969 661 2027 Diluvio
689 1969 959 2043 miscens,
988 1968 1312 2046 coelumque
1339 1969 1400 2026 in
1429 1969 1668 2026 Tartara
1692 1968 1875 2027 solvat
1898 1988 1913 2027 ε

423 2048 509 2109 Ut
534 2055 824 2125 sceptrum
850 2046 963 2105 hoc
998 2045 1229 2124 (dextra
1257 2056 1544 2124 sceptrum
1571 2065 1705 2104 nam
1732 2044 1877 2106 forte
1905 2044 2166 2126 gerebat)

423 2125 739 2204 Nunquam
765 2125 967 2186 fronde
994 2126 1110 2185 levi
1135 2126 1338 2185 fundet
1361 2125 1611 2203 virgulta
1635 2133 1824 2204 neque
1849 2125 2099 2203 umbras,

426 2206 628 2278 Quum
655 2206 835 2264 semel
863 2204 922 2263 in
951 2205 1111 2264 silvis
1137 2206 1258 2265 imo
1284 2205 1358 2263 de
1386 2206 1561 2282 stirpe
1587 2205 1834 2263 recisum

424 2285 615 2344 Matre
641 2293 815 2361 caret,
842 2285 1147 2363 posuitque
1173 2303 1369 2343 comas
1394 2294 1455 2343 et
1479 2284 1715 2342 brachia
1738 2284 1887 2343 ferro
1913 2303 1933 2360 ς

425 2362 580 2424 Olim
609 2363 794 2440 arbos,
823 2383 977 2423 nunc
1006 2364 1240 2423 artificis
1264 2380 1469 2421 manus
1497 2381 1610 2421 oere
1631 2363 1839 2438 decoro

427 2442 688 2518 Inclusit,
716 2441 1087 2520 patribusque
1116 2442 1277 2500 dedit
1301 2452 1525 2518 gestare
1539 2441 1792 2501 Latinis.

503 2521 747 2579 Talibus
772 2522 922 2580 inter
947 2541 1010 2579 se
1037 2520 1340 2580 firmabant
1366 2521 1581 2579 soedera
1607 2520 1795 2596 dictis,

425 2599 757 2677 Conspectu
783 2600 855 2658 in-
873 2600 1065 2657 medio
1092 2618 1410 2677 procerum.
1493 2599 1648 2656 Tuta
1675 2595 1783 2656 rite
1811 2605 2057 2657 sacratas

427 2677 497 2735 In
523 2677 814 2735 flammam
834 2678 1104 2756 jugulant
1128 2677 1404 2754 pecudes,
1433 2684 1493 2734 et
1516 2675 1742 2734 viscera
1765 2676 1915 2735 vivis
1935 2732 1942 2739 .

426 2755 719 2832 Eripiunt,
747 2755 1155 2831 cumulantque
1182 2754 1433 2826 oneratis
1459 2754 1718 2813 lancibus
1746 2773 1888 2814 aras.

502 2835 583 2891 At
610 2829 745 2892 vero
773 2832 1009 2891 Rutulis
1035 2833 1221 2911 impar
1246 2853 1331 2895 ea.
1342 2852 1537 2911 pugna
1561 2831 1745 2892 videri

423 2911 460 2970 J
462 2931 552 2970 am
581 2912 820 2988 dudum,
848 2919 915 2987 et,
932 2913 1090 2970 vario
1118 2912 1346 2971 misceri
1374 2920 1608 2990 pectora
1633 2921 1829 2972 motu:

426 2991 581 3049 Tum
608 2988 813 3067 magis,
839 2998 905 3049 ut
928 2988 1163 3069 propius
1190 3000 1454 3067 cernunt,
1481 3010 1599 3050 non
1624 2992 1845 3051 viribus
1872 2989 2071 3068 oequis.

425 3069 679 3148 Adjuvat
703 3071 933 3129 incessu
959 3070 1132 3128 tacito
1158 3090 1514 3147 progressus,
1542 3078 1783 3130 et·aram

429 3150 509 3208 Su
553 3149 778 3227 pliciter
802 3154 1084 3208 venerans
1112 3149 1363 3208 demisso
1388 3151 1616 3209 lumine
1633 3149 1887 3222 Turnus,

427 3228 516 3286 Ta
558 3237 834 3307 entesque
861 3245 1047 3304 genae,
1076 3235 1136 3285 et
1153 3229 1417 3307 juvenali
1444 3230 1503 3288 in
1531 3240 1768 3304 corpore
1792 3225 1991 3305 pallor.

428 3305 620 3377 Quem
649 3307 820 3366 simul
849 3325 917 3365 ac
941 3307 1184 3365 Juturna
1210 3326 1371 3365 soror
1394 3307 1758 3366 crebrescere
1784 3305 1933 3364 vidit

429 3383 787 3460 Sermonem,
816 3394 875 3444 et
899 3384 1058 3462 vulgi
1083 3385 1302 3444 variare
1331 3386 1580 3444 labantia
1603 3384 1796 3459 corda,

427 3461 513 3519 In‘
528 3463 747 3522 medias
774 3464 947 3539 acies,
975 3463 1216 3523 formam
1244 3464 1582 3524 adsimulata
1607 3461 1880 3538 Camerti,

427 3539 541 3598 Cui
569 3561 751 3617 genus
779 3561 814 3600 a
837 3543 1064 3620 proavis
1092 3543 1316 3619 ingens,
1346 3543 1678 3617 clarumque
1703 3550 1960 3619 paterno

428 3618 661 3678 Nomen
691 3628 811 3678 erat
835 3621 1082 3695 virtutis,
1111 3631 1171 3681 et
1195 3622 1323 3699 ipse
1347 3621 1658 3678 acerrimus
1686 3621 1877 3697 armis,

430 3697 500 3756 In
530 3698 751 3756 medias
778 3698 878 3757 dat
902 3717 1031 3756 sese
1057 3700 1231 3775 acies,
1258 3699 1416 3757 haud
1442 3698 1638 3756 nescia
1664 3697 1871 3776 rerum,

427 3775 831 3852 Rumoresque
859 3776 998 3834 serit
1019 3777 1227 3851 varios,
1257 3796 1324 3834 ac
1352 3776 1490 3834 talia
1514 3776 1702 3835 fatur:

433 3852 567 3912 Nou
593 3855 794 3931 pudet,
824 3873 860 3911 ο
883 3852 1111 3927 Rutuli,
1136 3872 1241 3929 pro
1268 3854 1495 3913 cunctis
1519 3855 1730 3914 talibus
1755 3872 1933 3915 unam

2269 802 2382 857 190

2269 1192 2380 1247 19⁶

2266 1973 2384 2029 205

2272 2366 2386 2422 21⁰

2217 2744 2224 2748 ’
2269 2758 2385 2813 215

2270 3102 2464 3207 220!

2272 3543 2391 3599 225
