2717 4300
366 324 448 385 ὦ
520 394 523 397 ,
1075 325 1649 387 GEORGICORUM

373 476 458 539 Et
482 475 678 539 medio
706 488 881 539 tostas
909 488 1054 538 aestu
1079 476 1213 539 terit
1238 498 1373 538 area
1397 441 1607 557 fruges.

370 554 584 617 Nudus
611 579 726 634 ara,
756 578 882 619 sere
909 559 1136 617 nudus:
1180 559 1370 617 hiems
1391 561 1599 636 ignava
1623 558 1849 619 colono.

449 636 785 714 Frigoribus
806 645 970 714 parto
999 637 1266 713 agr-icolae
1294 637 1947 717 plerumque'fruuntur,

276 770 278 772 ,
371 714 694 791 Mutu‘aque
721 715 972 775 inter-se
987 716 1108 774 laeti
1132 716 1404 774 convivia
1428 725 1647 776 curant.

372 793 585 852 Invitat
611 794 863 869 genialis
880 794 1091 869 hiems,
1119 811 1401 870 curasque
1427 796 1703 854 resolvit:

371 871 497 929 Ceu
525 890 738 948 pressae
768 892 946 950 quum
972 875 1096 950 jam
1122 881 1351 950 portum
1379 870 1620 950 tetigere
1648 873 1888 933 carinae·
1983 938 1988 941 ,
2081 916 2087 923 ·

366 947 669 1027 Puppibus
697 959 756 1009 et
782 951 901 1010 laeti
925 958 1116 1009 nautae
1144 950 1473 1028 imposuere
1501 971 1759 1017 coronas.

371 1028 490 1085 Sed
521 1038 714 1087 tamen
743 1040 802 1088 et
824 1045 1070 1106 quernas
1096 1027 1336 1106 glandes
1363 1038 1487 1088 tum
1515 1031 1792 1108 stringere
1821 1040 2075 1111 tempus,

368 1106 452 1182 Et
477 1106 621 1165 lauri
649 1108 878 1184 baccas,
908 1108 1231 1184 oleamque,
1260 1110 1613 1186 cruentaque
1641 1119 1827 1187 myrta
1844 1130 1892 1185 3»

368 1184 523 1243 Tum
552 1186 787 1262 gruibus
813 1184 1159 1264 pedicas,'et
1183 1188 1804 1266 retia-ponerecervis,

366 1264 717 1342 Auritosque
746 1266 910 1343 sequi
938 1265 1188 1341 lepores»,
1215 1274 1335 1323 tum
1367 1267 1550 1342 figere
1571 1267 1782 1325 damas

354 1338 628 1419 ‘Stuppea
654 1352 1014 1420 torquentem
1043 1343 1303 1402 Balearis
1334 1345 1572 1402 verbera
1596 1345 1811 1421 fundae,
1998 1385 2006 1390 -
2059 1369 2065 1379 ¹

368 1421 564 1492 Quum
592 1423 697 1480 nix
725 1423 838 1481 alta
856 1425 1033 1501 jacet,
1062 1422 1309 1497 glaciem
1334 1440 1517 1500 quum
1543 1423 1784 1482 flumina
1807 1425 2060 1484 trudunt.
2103 1452 2107 1457 ·
2147 1457 2155 1462 ·

448 1500 606 1571 Quid
635 1510 1007 1578 tempestates
1037 1502 1296 1558 autumni
1325 1510 1385 1559 et
1410 1502 1601 1559 sidera
1624 1502 1863 1560 dicam?

370 1578 578 1655 Atque,
607 1578 708 1636 ubi
738 1582 862 1656 jam
888 1578 1230 1656 breviorque
1259 1579 1384 1637 dies
1412 1576 1472 1638 et
1498 1579 1726 1637 mollior
1751 1589 1942 1656 aestas,

369 1655 519 1733 Quae
548 1657 840 1733 vigilanda
864 1657 1022 1733 viriS,
1050 1657 1146 1714 vel
1175 1652 1350 1734 quum
1379 1656 1492 1715 ruit
1511 1657 1875 1719 imbriferum
1900 1678 2024 1735 ver,

362 1732 579 1812 Spicea
595 1738 720 1815 jam
750 1737 972 1812 campis
1000 1755 1178 1812 quum
1206 1737 1412 1797 messis
1441 1736 1742 1816 inhorruit,
1770 1745 1830 1796 et
1854 1755 2034 1815 quum

364 1814 685 1873 Frumenta
710 1813 769 1875 in
797 1814 965 1872 viridi
995 1815 1207 1890 stipula
1234 1815 1509 1877 lactentia
1532 1819 1807 1892 turgent?

365 1890 540 1969 Saepe
572 1912 700 1969 ego,
730 1913 907 1971 quum
933 1893 1098 1951 flavis
1126 1913 1442 1967 messorem
1470 1892 1774 1953 induceret
1799 1895 1950 1953 arvis

363 1971 654 2046 Agricola,
687 1981 748 2030 et
771 1972 956 2048 fragili
975 1974 1099 2050 jam
1127 1973 1431 2049 stringeret
1453 1972 1672 2031 hordea
1698 1974 1915 2050 culmo,

366 2049 911 2109 Omniaventorum
941 2070 1281 2109 concurrere
1308 2051 1513 2129 proelia
1536 2052 1678 2127 vidi,

365 2126 527 2200 Qua}
546 2130 840 2206 gravidam
869 2131 981 2190 late
1011 2140 1268 2208 segetem
1294 2130 1371 2194 ab
1397 2130 1688 2189 radicibus
1714 2129 1847 2190 imis

366 2206 628 2267 Sublime
659 2210 960 2287 expulsam
989 2219 1292 2283 eruerent;
1315 2211 1418 2268 -ita
1443 2209 1670 2269 turbine
1697 2211 1863 2287 nigro

362 2288 568 2347 Ferret
593 2287 784 2347 hiems
813 2289 1184 2366 culmumque
1212 2290 1403 2347 levem
1431 2288 1788 2367 stipulasque
1815 2289 2093 2363 volantes.
2153 2316 2160 2322 ·

363 2363 538 2444 Saepe
569 2367 742 2426 etiam
770 2369 1116 2427 immensum
1143 2368 1291 2427 coelo
1316 2368 1481 2425 venit
1505 2388 1711 2443 agmen
1741 2387 2034 2445 aquarum,

364 2444 446 2503 Et
471 2445 683 2504 soedam
713 2447 1032 2522 glomerant
1058 2455 1459 2524 tempestatem
1488 2445 1767 2520 imbribus
1795 2449 1929 2515 atris

363 2524 644 2583 Collectae
674 2545 750 2583 ex
779 2525 891 2583 alto
919 2524 1143 2598 nubes3
1185 2524 1299 2583 ruit
1326 2525 1536 2582 arduus
1564 2524 1763 2601 aether,

363 2603 447 2661 Et
470 2602 668 2681 pluvia
695 2603 917 2679 ingenti
945 2613 1068 2668 sata
1094 2604 1229 2661 laeta
1254 2603 1560 2680 boumque
1576 2603 1822 2662 labores»

363 2682 591 2755 Diluit;
633 2681 949 2759 implentur
974 2682 1164 2755 fossae,
1194 2690 1253 2740 et
1280 2700 1424 2739 cava
1447 2682 1689 2740 flumina
1715 2691 1984 2757 crescunt

364 2761 518 2819 Cum
549 2761 759 2837 sonitu,
788 2761 1086 2838 serv-enque
1113 2762 1270 2820 fretis
1293 2760 1648 2838 „spirantibus
1675 2781 1888 2839 aequor.

364 2839 392 2896 1
436 2859 498 2906 se
524 2840 717 2916 Pater,
748 2841 940 2900 media
967 2840 1292 2898 nimborum
1319 2840 1381 2898 in
1409 2848 1604 2915 nocte,
1633 2842 1875 2899 corusca

360 2859 642 2977 Issulmina
669 2918 900 2977 molitur
926 2920 1168 2993 dextr&
1213 2939 1326 2997 quo
1354 2920 1609 2980 maxima
1633 2928 1795 2978 motu

363 2997 545 3055 Terra
570 2999 780 3074 tremit,
808 2996 1007 3074 sugere
1034 2998 1192 3074 feroe,
1223 3007 1283 3057 et
1309 2997 1571 3057 mortalia
1596 3000 1773 3058 corda

362 3073 478 3135 Per
504 3085 706 3156 gentes
733 3078 968 3135 humilis
996 3078 1196 3135 stravit
1219 3096 1400 3155 pavor
1422 3076 1581 3136 :2ille
1606 3074 1869 3155 flagranti

362 3157 484 3215 Aut
508 3156 686 3232 Atho,
718 3165 816 3215 aut
841 3156 1192 3234 Rhodopen,
1224 3165 1322 3215 aut
1348 3156 1463 3215 alta
1490 3156 1782 3215 Ceraunia
1806 3155 1925 3213 telo
1961 3169 1968 3175 ·

363 3236 620 3314 Dejicit3
664 3237 1024 3313 ingeminant
1049 3235 1225 3294 austri
1251 3244 1310 3294 et
1337 3235 1713 3293 densissimus
1738 3234 1962 3307 imber;

362 3314 542 3373 Nunc
568 3335 806 3374 nemora
833 3315 1055 3392 ingenti
1081 3322 1277 3390 vento,
1305 3334 1464 3372 nunc
1493 3315 1700 3389 littora,
1728 3312 2026 3396 plangunt.
2051 3321 2058 3326 ’

379 3451 383 3456 ,
444 3393 578 3451 Hoc
606 3403 889 3469 metuens,
919 3394 1051 3453 coeli
1078 3413 1308 3452 menses
1335 3401 1396 3451 et
1420 3393 1610 3451 sidera
1633 3410 1819 3468 serva,

362 3469 601 3547 Frigida
629 3473 861 3531 Saturni
888 3494 1017 3532 sese
1044 3469 1159 3552 quo
1187 3473 1354 3532 stella
1379 3479 1656 3548 receptet,
1819 3503 1824 3508 «

367 3549 532 3621 Quos
559 3549 709 3625 ignis
737 3551 869 3608 coeli
897 3552 1201 3628 Cyllenius
1227 3558 1379 3610 erret
1402 3552 1464 3609 in
1492 3550 1678 3609 orbes.

424 3627 515 3686 ‘In
541 3629 742 3706 primis
769 3647 1044 3687 venerare
1072 3632 1232 3707 deos,
1262 3640 1435 3707 atque
1463 3648 1656 3687 annua
1679 3647 1906 3708 magna

358 3707 546 3766 Sacra
570 3706 720 3766 refer
746 3708 967 3783 Cereri,
995 3709 1144 3766 laetis
1171 3718 1438 3785 operatus
1464 3708 1525 3765 in
1554 3707 1769 3784 herbis,

364 3787 665 3845 Extremoe
695 3786 802 3844 sub
831 3804 1030 3844 casum
1057 3785 1287 3862 hiemiS,
1306 3790 1431 3866 jam‘
1459 3805 1596 3844 vere
1623 3806 1830 3847 sereno
1854 3807 1870 3845 ε

364 3865 537 3924 Tunc
564 3865 812 3943 pingues
840 3865 993 3940 agni,
1018 3872 1081 3922 et
1104 3872 1244 3922 tunc
1272 3865 1613 3923 mollissima
1634 3866 1791 3943 vim,
1876 3895 1879 3906 ·

2219 1430 2335 1484 310

2217 1820 2333 1881 315

2213 2215 2332 2271 320

2133 2583 2138 2588 ’
2212 2609 2330 2662 325

2212 3791 2330 3847 840
