2717 4300
1159 315 1393 373 LIBER
1429 319 1557 373 vll.

396 466 533 525 Hoc
558 473 721 544 pater
746 465 1037 525 Anchises
1064 484 1202 523 auro
1227 466 1446 525 libabat
1473 467 1545 524 ad
1573 487 1733 526 aras:

397 546 532 603 Hoc
560 545 774 602 Priami
800 553 1093 620 gestamen
1124 553 1262 619 crat,
1292 564 1471 621 quum
1489 548 1624 624 jura
1649 548 1866 605 vocatis

399 624 568 681 More
597 624 758 681 daret
782 623 1048 699 populis3
1093 632 1519 701 sceptrumque,
1551 643 1827 700 sacerque
1854 626 2042 702 tiaras,

401 701 760 778 Iliadumque
790 701 947 758 labor
973 710 1182 758 vestes·

478 779 718 837 Talibus
748 780 954 837 Ilionei
982 780 1169 854 dictis,
1198 779 1389 836 defixa
1419 779 1658 838 Latinus

399 857 621 916 Obtutu
650 866 809 915 tenet
834 877 951 932 ora,
981 857 1218 934 soloque
1246 858 1556 915 immobilis
1583 859 1782 933 haeret,

401 936 660 993 intentos
687 937 927 994 volvens
954 935 1152 994 oculos
1176 956 1190 993 t
1234 955 1345 993 nec
1372 956 1624 1013 purpura
1650 956 1844 1013 regem

400 1014 565 1072 Picta
593 1024 802 1090 movet,
830 1033 940 1072 nec
968 1023 1194 1090 sceptra
1218 1023 1458 1073 movent
1483 1015 1771 1074 Priameia
1795 1012 2037 1093 tantum,

399 1090 702 1164 Quantum
730 1095 788 1151 in
812 1091 1104 1153 connubio
1132 1101 1280 1151 natae
1309 1092 1676 1170 thalamoque
1704 1103 1989 1154 moratur:

407 1172 484 1228 Et
512 1172 717 1229 veteris
744 1172 932 1230 Fauni
960 1171 1141 1229 volvit
1166 1172 1272 1229 sub
1299 1180 1531 1247 pectore
1558 1181 1788 1230 sortem.
1839 1203 1846 1212 ν

407 1250 580 1307 Hunc
606 1250 769 1307 illum
795 1249 925 1307 fatis
952 1251 1194 1307 externa
1222 1249 1292 1307 ab
1322 1250 1460 1306 sede
1486 1250 1804 1326 profectum

407 1328 672 1386 Portendi
700 1347 998 1405 generum,
1023 1328 1374 1406 paribusque
1399 1328 1459 1384 in
1489 1346 1665 1403 regna
1687 1328 1880 1387 vocari

413 1407 689 1484 Auspiciis
710 1428 727 1480 3
771 1407 907 1465 huic
932 1406 1266 1484 progeniem
1292 1406 1505 1464 virtute
1531 1406 1776 1464 futuram

410 1486 732 1561 Egregium,
761 1494 820 1543 et
846 1494 1033 1553 toturn
1057 1504 1186 1561 quae
1214 1484 1431 1543 viribus
1458 1494 1705 1562 occupet
1724 1485 1938 1542 orbem.

413 1564 666 1622 Tandem
691 1564 857 1621 laetus
885 1564 996 1621 ait:
1040 1564 1121 1621 Di
1145 1571 1343 1623 nostra
1368 1563 1599 1640 incepta
1624 1564 1958 1639 secundent,

412 1642 836 1719 Auguriumque
864 1661 1050 1700 suum.
1133 1641 1401 1717 Dabitur,
1432 1641 1702 1720 Trojane,
1731 1642 1887 1717 quod
1914 1647 2097 1719 optas.

404 1720 652 1778 Munera
678 1739 785 1778 nec
813 1739 1038 1798 sperno.
1122 1721 1184 1779 N
1185 1740 1260 1778 ou
1288 1720 1471 1795 vobiS,
1500 1739 1634 1796 rege
1663 1721 1888 1796 Latine,

404 1799 618 1857 Divitis
645 1798 789 1855 uber
817 1799 935 1874 agri
962 1799 1232 1876 Trojaeve
1261 1798 1556 1874 opulentia
1582 1798 1782 1856 deerit.

406 1877 539 1953 Ipse
565 1873 736 1934 modo
766 1877 988 1934 AEneas
1023 1873 1229 1953 (nostri
1257 1877 1306 1933 si
1330 1884 1490 1933 tanta
1516 1876 1724 1952 cupido
1752 1884 1859 1951 est,

406 1955 470 2013 Si
490 1956 658 2033 jungi
685 1955 936 2031 hospitio
960 1962 1244 2032 properat,
1274 1954 1582 2030 sociusque
1607 1954 1854 2033 vocari,)

402 2034 730 2105 Adveniat;
771 2032 962 2091 vultus
988 2051 1138 2090 neve
1166 2032 1534 2090 exhorrescat
1560 2031 1793 2091 amicos.

403 2110 544 2171 Pars
573 2110 715 2169 mihi
740 2111 899 2188 pacis
926 2110 1034 2169 erit
1059 2111 1319 2169 dextram
1348 2110 1607 2186 tetigisse
1633 2110 1876 2187 tyranni.

404 2189 530 2248 Vos
557 2187 754 2248 contra
782 2189 903 2265 regi
929 2206 1060 2246 mea
1085 2207 1240 2246 nunc
1270 2189 1538 2246 mandata
1563 2188 1785 2246 referte.

405 2268 517 2326 Est
542 2267 684 2325 mihi
711 2275 863 2342 nata,
888 2267 1011 2324 viro
1038 2268 1226 2342 gentis
1250 2285 1428 2343 quam
1447 2269 1693 2343 jungere
1719 2273 1948 2341 nostrae,

403 2346 544 2404 Non
570 2344 751 2423 patrio
779 2364 857 2403 ex
882 2345 1052 2420 adyto
1081 2352 1282 2419 sorteS,
1311 2363 1429 2401 non
1455 2343 1703 2421 plurima
1728 2344 1877 2402 coelo

406 2425 670 2482 Monstra
696 2424 925 2481 sinunt:
967 2441 1211 2498 generos
1237 2422 1491 2480 externis
1520 2421 1698 2479 affore
1722 2421 1793 2478 ab
1822 2422 1953 2498 oris,

405 2502 541 2560 Hoc
554 2502 734 2567 „Latio
763 2510 975 2559 restare
1002 2510 1234 2575 canunt,
1264 2501 1365 2577 qui
1393 2499 1668 2576 sanguine
1696 2508 1951 2559 nostrum

406 2579 641 2638 Nomen
668 2580 729 2637 in
759 2588 906 2637 astra
930 2579 1130 2637 serant.
1215 2580 1395 2636 Hunc
1422 2578 1584 2636 illum
1612 2597 1855 2656 poscere
1880 2578 1996 2637 fata

407 2659 490 2716 Et
516 2678 659 2732 reor,
689 2666 765 2732 et,
794 2659 840 2715 si
869 2657 1005 2734 quid
1031 2657 1153 2715 veri
1180 2662 1343 2715 mens
1373 2664 1628 2733 augurat,
1658 2660 1812 2733 opto.

407 2736 559 2794 Haec
586 2735 811 2811 effatus,
841 2754 1022 2812 equos
1049 2755 1293 2793 numero
1319 2745 1481 2812 pater
1508 2736 1669 2809 eligit
1694 2735 1891 2793 omni:

406 2813 652 2872 Stabant
678 2824 763 2872 ter
790 2822 1025 2871 centum
1053 2814 1218 2871 nitidi
1244 2815 1303 2871 in
1333 2814 1690 2891 praesepibus
1720 2814 1865 2872 altis.

412 2892 697 2951 Omnibus
725 2900 918 2950 extem
962 2892 1020 2947 lo
1044 2891 1291 2949 Teucris
1309 2892 1479 2968 jubet
1505 2893 1704 2950 ordine
1731 2893 1866 2951 duci

412 2970 686 3029 Instratos
713 2978 864 3028 ostro
948 2969 1151 3044 ipedes
1170 2970 1457 3045 pictisque
1484 2970 1709 3046 tapetis·

410 3051 604 3108 Aurea
628 3047 956 3127 pectoribus
983 3046 1235 3103 demissa
1260 3047 1496 3104 monilia
1519 3049 1814 3125 pendent:

409 3127 581 3185 Tecti
609 3147 765 3200 auro,
792 3125 1016 3183 fulvum
1043 3124 1326 3181 mandunt
1352 3123 1457 3182 sub
1485 3126 1754 3184 dentibus
1781 3144 1998 3185 aurum.

409 3204 655 3263 Absenti
683 3205 886 3262 AEneae
913 3222 1141 3262 currum
1169 3202 1544 3279 geminosque
1563 3205 1811 3282 jugales,

412 3283 651 3342 Semine
681 3283 752 3341 ab
782 3282 1038 3356 aetherio,
1068 3281 1346 3357 spirantes
1373 3281 1605 3339 naribus
1632 3282 1846 3357 ignem,

412 3361 648 3419 Illorum
677 3362 750 3419 de
779 3369 950 3437 gente
975 3360 1124 3437 patri
1151 3378 1294 3434 quos
1322 3358 1566 3417 Daedala
1591 3359 1763 3417 Circe

414 3440 725 3517 Suppositti
752 3440 824 3497 de
852 3446 1032 3496 matre
1060 3437 1268 3495 nothos
1295 3436 1479 3495 furata
1504 3437 1737 3494 creavit.

408 3518 652 3576 Talibus
681 3517 959 3575 AEneadae
988 3516 1155 3574 donis
1182 3515 1468 3591 dictisque
1496 3513 1688 3572 Latini

413 3596 706 3655 Sublimes
735 3595 792 3653 in
824 3595 985 3671 equis
1013 3595 1273 3668 redeunt,
1301 3610 1623 3670 pacemque
1651 3596 1956 3670 reportant.

490 3675 654 3732 Ecce
684 3682 874 3732 autem
906 3672 1158 3731 Inachiis
1186 3691 1313 3730 sese
1342 3670 1624 3729 referebat
1650 3668 1721 3727 ab
1748 3669 1919 3745 Argis

411 3752 585 3811 θωνα
608 3752 769 3810 Jovis
797 3753 1031 3829 conjux,
1061 3769 1336 3827 aurasque
1364 3750 1593 3807 invecta
1619 3747 1883 3820 tenebat;
1933 3796 1938 3799 ,

413 3831 497 3891 Et
520 3831 722 3890 laetum
750 3829 980 3888 AEnean
1007 3828 1365 3906 classemque
1392 3848 1469 3887 ex
1495 3828 1710 3887 aethere
1736 3827 1909 3901 longo

2243 480 2359 533 245

2239 867 2358 922 250

2242 1255 2358 1309 25⁴<

2241 1644 2359 1699 260

2243 2023 2359 2093 2⁸³5

2177 2424 2362 2512 ,ατο
