2717 4300
342 304 416 362 ⁸78
1046 306 1618 366 GEORGICORUM

292 530 299 537 ,
341 450 629 531 Flevisse,
657 463 718 514 et
741 454 947 531 gelidis
973 454 1104 515 haec
1133 455 1418 524 evolvisse
1445 454 1551 517 sub
1580 457 1776 535 antris,

340 532 706 591 Mulcentem
733 535 926 610 tigres,
955 544 1014 594 et
1041 545 1308 612 agentem
1335 537 1589 595 carmine
1617 556 1886 614 quercus.

344 611 549 683 Qualis
574 611 830 689 populea
857 632 1106 671 moerens
1133 613 1460 672 Philomela
1485 615 1592 673 sub
1626 614 1832 675 umbri
1877 612 1900 627 ”“

340 690 603 748 Amissos
626 692 880 766 queritur
904 691 1093 767 fastus,
1120 711 1268 770 quos
1295 693 1475 751 durus
1501 703 1687 753 arator

341 767 671 827 Observans
696 768 834 826 nido
861 770 1170 847 implumes
1196 771 1476 845 detraxit3
1519 781 1577 830 at
1601 771 1703 830 illa

337 845 478 905 Flet
502 857 751 923 noctem,
779 866 1052 926 ramoque
1080 850 1288 907 sedens
1322 850 1648 910 miserabile
1676 869 1908 910 carmen

318 923 613 1000 ‚Integrag
640 934 701 985 et
725 927 944 984 moestis
970 924 1085 986 late
1112 927 1243 985 loca
1268 929 1568 1005 questibus
1595 928 1816 1007 implet.

336 1001 521 1061 Nulla
547 1004 770 1080 Venus,
800 1023 918 1062 non
945 1006 1050 1063 ulli
1079 1006 1333 1064 animum
1359 1004 1578 1065 flexere
1606 1007 1938 1084 Hymenaei.

338 1081 511 1139 Solus
539 1082 946 1159 Hyperboreas
973 1085 1208 1161 glacieS,
1237 1085 1603 1162 Tanaimque
1627 1086 1901 1163 nivalem,

337 1160 607 1237 Arvaque
634 1161 900 1238 Rhipaeis
927 1182 1223 1240 nunquam
1251 1164 1482 1222 viduata
1505 1163 1744 1256 pruinis,

336 1238 662 1312 Lustrabat,
691 1249 908 1317 raptam
938 1241 1273 1319 Eurydicen
1303 1251 1476 1320 atque
1501 1242 1658 1300 irrita
1682 1242 1838 1302 Ditis

209 1360 212 1364 n
335 1315 511 1375 Dona
535 1337 780 1394 querens
804 1339 818 1376 ι
862 1327 1067 1397 spretae
1091 1321 1379 1378 Ciconum
1404 1340 1520 1398 quo
1546 1340 1784 1380 munere
1811 1328 2041 1399 matres,

212 1422 219 1431 ·=
337 1394 498 1454 Inter
523 1415 684 1454 sacra
710 1397 885 1455 desim
913 1400 1293 1476 nocturnique
1321 1402 1480 1476 orgia
1503 1399 1747 1475 Bacchi,

338 1473 706 1552 Discerptum
732 1476 877 1535 latos
896 1479 1175 1554 juvenem
1204 1477 1463 1554 sparsere
1487 1492 1595 1554 per
1614 1496 1795 1555 agros.

337 1551 491 1609 Tum
521 1573 751 1631 quoque
772 1556 1093 1613 marmorea
1120 1564 1293 1632 caput
1319 1575 1354 1612 a
1380 1555 1607 1614 cervice
1635 1557 1927 1615 revulsum

337 1629 578 1706 Gurgite
606 1652 781 1709 quum
807 1633 1001 1691 medio
1025 1642 1259 1711 portans
1290 1633 1566 1711 OEagrius
1588 1634 1825 1693 Hebrus

336 1706 632 1785 volveret,
661 1711 754 1769 Eu
825 1712 995 1769 dicen
1024 1731 1140 1770 vox
1166 1713 1293 1789 ipsa
1318 1723 1379 1772 et
1403 1711 1607 1788 frigida
1631 1712 1849 1791 lingua,

336 1786 431 1844 Ah
459 1789 728 1848 miseram
816 1790 1127 1867 urydicen!
1173 1792 1365 1849 anima
1392 1791 1669 1869 fugiente,
1695 1791 1972 1853 vocabat:

335 1864 668 1943 Eurydicen
695 1876 814 1927 toto
841 1868 1165 1929 referebant
1188 1870 1427 1929 flumine
1453 1871 1612 1948 ripas.

412 1945 563 2005 Haec
590 1947 867 2007 Proteus:
911 1957 970 2007 et
996 1968 1059 2006 se
1079 1950 1243 2028 jactu
1270 1950 1430 2008 dedit
1458 1969 1506 2007 τε
1550 1967 1654 2029 uor
1678 1948 1739 2007 in
1766 1947 1977 2026 altum3

334 2006 587 2102 Quaque
615 2026 793 2103 dedit,
822 2036 1183 2105 spumantem
1209 2029 1426 2087 undam
1455 2048 1521 2086 su
1585 2027 1805 2087 vortice
1826 2029 2005 2089 torsit.

411 2104 495 2163 At
517 2122 632 2163 non
656 2105 885 2183 Cyrene
907 2126 924 2181 ;
968 2125 1217 2185 namque
1243 2107 1392 2167 ultro
1421 2106 1592 2167 affata
1616 2106 1952 2168 timentem:

332 2182 508 2259 Nate,
537 2183 676 2243 licet
702 2186 889 2245 tristes
918 2186 1112 2245 animo
1138 2187 1431 2265 deponere
1459 2206 1645 2246 curas.

332 2260 484 2320 Haec
513 2264 702 2324 omnis
731 2264 916 2323 morbi
943 2285 1148 2325 causa:
1187 2267 1326 2325 hinc
1354 2266 1683 2326 miserabile
1709 2265 1772 2324 N
1772 2265 2022 2345 ymphae,

333 2340 484 2399 Cum
512 2342 719 2420 quibus
746 2343 845 2404 illa
872 2344 1079 2405 choros
1105 2345 1250 2404 lucis
1274 2345 1530 2421 agitabat
1557 2345 1618 2402 in
1645 2344 1795 2421 altis,

332 2418 598 2480 Exitium
625 2419 835 2480 misere
865 2423 1084 2499 apibus.
1167 2423 1261 2480 Tu
1292 2441 1536 2480 munera
1561 2421 1806 2499 supplex

331 2497 540 2557 Tende
566 2508 770 2577 petens
796 2519 1022 2577 pacem,
1052 2509 1112 2559 et
1136 2499 1335 2566 faciles
1363 2519 1636 2559 venerare
1663 2500 1726 2559 N
1728 2518 1951 2578 apaeas:

330 2576 601 2655 Namque
629 2577 848 2637 dabunt
871 2579 1102 2637 veniam
1131 2580 1299 2673 votis,
1329 2579 1555 2656 irasque
1582 2579 1895 2638 remittent.

333 2655 451 2713 Sed
479 2657 684 2714 modus
711 2657 908 2714 orandi
936 2658 1034 2733 qui
1062 2658 1153 2732 sit,
1180 2658 1339 2735 prius
1367 2658 1568 2715 ordine
1596 2657 1803 2716 dicam.

333 2734 598 2805 Quatuor
625 2735 868 2793 eximios
893 2737 1183 2812 praestanti
1210 2755 1448 2814 corpore
1476 2744 1687 2812 tauros,

333 2811 454 2884 Qui
481 2813 585 2871 tibi
613 2832 767 2872 nunc
795 2814 993 2872 viridis
1021 2814 1593 2893 depascunt'summa.
1618 2815 1837 2894 Lycaei,

329 2891 560 2968 Delige,
590 2900 650 2951 et
673 2892 889 2951 intacta
917 2892 1158 2952 totidem
1192 2895 1418 2952 cervice
1436 2895 1737 2973 juvencas.

331 2969 596 3042 Quatuor
621 2972 712 3030 his
741 2990 864 3030 aras
894 2972 1008 3031 alta
1034 2973 1105 3032 ad
1133 2973 1375 3032 delubra
1401 2973 1637 3032 dearum

329 3049 654 3126 Constitue,
683 3059 742 3110 et
768 3067 990 3109 sacrum
1009 3052 1230 3130 jugulis
1258 3052 1496 3112 demitte
1523 3069 1805 3131 cruorem,

329 3128 699 3208 corporaque
720 3130 846 3207 ipsa
870 3128 1046 3188 boum
1073 3131 1344 3208 frondoso
1373 3133 1575 3190 desere
1602 3132 1751 3190 luco.

326 3204 490 3284 Post,
519 3208 622 3268 ubi
646 3228 802 3268 nona
827 3229 959 3268 suos
986 3211 1210 3269 Aurora
1228 3211 1543 3270 ostenderit
1568 3220 1743 3285 ortus,

330 3286 573 3363 Inferias
602 3287 823 3365 Orphei
846 3288 1087 3349 Lethoea
1109 3309 1398 3368 papavera
1422 3289 1635 3365 mittes,

327 3364 625 3425 Placatam
653 3367 990 3446 Eurydicen
1015 3367 1197 3430 vitula
1222 3366 1577 3427 venerabere
1602 3366 1774 3443 caesst,

337 3443 412 3502 Et
437 3444 659 3520 nigram
687 3446 964 3507 mactabis
991 3467 1182 3524 ovem,
1209 3447 1524 3524 lucumque
1551 3445 1785 3505 revises.

407 3522 586 3582 Haud
612 3543 790 3600 mora,
819 3525 1093 3585 continu&
1122 3528 1316 3586 matris
1342 3533 1630 3605 praecepta
1655 3523 1922 3586 facessit:

337 3602 423 3660 Ad
452 3599 693 3660 delubra
716 3603 914 3676 venit;
959 3614 1299 3663 monstratas
1327 3604 1541 3663 excitat
1565 3622 1725 3679 aras3

333 3681 598 3752 Quatuor
624 3679 868 3739 eximios
894 3683 1185 3758 praestanti
1213 3701 1452 3761 corpore
1478 3689 1670 3741 tauros

333 3760 528 3836 Ducit,
557 3768 617 3818 et
641 3759 855 3817 intacta
883 3759 1122 3818 totidem
1149 3762 1377 3819 cervice
1395 3763 1695 3840 juvencas.

334 3836 491 3916 Post,
521 3839 619 3898 ubi
648 3858 802 3897 nona
827 3858 959 3896 suos
990 3839 1211 3895 Aurora
1236 3840 1540 3898 induxerat
1567 3850 1743 3919 ortus,

2182 544 2300 601 51⁰

2179 935 2295 991 515

2178 1327 2295 1382 520

2179 1719 2295 1775 525

2175 2901 2293 2959 640
