2717 4300
1263 320 1496 378 LIBER
1531 322 1578 380 1.
2328 326 2401 388 U!

438 467 572 528 Hae
600 467 882 547 Phryges,
911 469 1149 529 instaret
1174 490 1341 531 curru
1369 472 1630 531 cristatus
1657 473 1936 535 Achilles.
1970 540 1975 547 ,

439 548 573 607 Nec
598 549 799 625 procul
829 548 965 607 hine
988 549 1176 631 Rhesi
1208 550 1393 608 niveis
1421 551 1664 609 tentoria
1689 551 1836 611 velis

438 627 722 701 Agnoscit
747 627 1085 703 lacrymans,
1114 628 1298 705 primo
1327 649 1455 706 quae
1484 630 1708 706 prodita
1733 650 1938 691 somno
2136 695 2143 698 .
2281 636 2399 692 470

440 704 699 781 Tydides
728 706 906 763 multa
934 705 1193 768 vastabat
1218 708 1381 764 caede
1407 716 1715 782 cruentus;
2312 740 2321 748 ·

439 783 838 860 Ardentesque
868 785 1076 845 avertit
1103 804 1282 861 equos
1308 784 1370 842 in
1397 792 1598 861 castra,
1625 783 1784 864 prius
1810 783 1984 863 quam

437 859 661 919 Pabula
687 863 1013 937 gustassent
1039 864 1253 942 Trojae‚
1280 864 1696 942 Xanthumque
1723 865 2024 925 bibissent.

439 938 610 997 Parte
639 941 751 998 alia
777 940 1004 1017 fugiens
1032 942 1254 1000 amissis
1283 942 1518 1000 Troilus
1545 944 1734 1018 armis,

442 1017 655 1075 Infelix
680 1038 841 1097 puer,
871 1028 1039 1097 atque
1065 1020 1253 1098 impar
1278 1040 1618 1097 congressus
1644 1021 1882 1097 Achilli,
2275 1026 2395 1083 475

439 1096 645 1154 Fertur
671 1098 854 1175 equis,
883 1118 1163 1176 curruque
1192 1100 1377 1158 haeret
1403 1101 1703 1178 resupinus
1729 1101 1908 1175 inani,

440 1175 592 1233 Lora
616 1183 820 1235 tenens
849 1186 1041 1236 tamen
1065 1198 1088 1244 :⁴
1123 1179 1259 1235 huic
1287 1178 1486 1236 cervix
1528 1198 1599 1235 ue
1627 1197 1926 1256 comoeque
1952 1177 2254 1239 trahuntur

440 1253 555 1310 Per
579 1263 802 1331 ter-ram,
833 1265 892 1314 et
918 1256 1084 1314 versa
1110 1255 1303 1333 pulvis
1331 1257 1505 1314 inseri
1547 1257 1659 1317 itur
1687 1257 1869 1315 hasta·

442 1332 671 1390 Interea
697 1334 768 1391 ad
796 1334 1077 1412 templum
1106 1354 1220 1392 non
1251 1354 1433 1410 aequae
1458 1335 1712 1393 Palladis
1739 1335 1901 1394 ibant

440 1410 709 1468 Crinibus
740 1411 949 1471 Iliades
976 1414 1178 1490 passis,
1206 1412 1851 1490 peplumqueserebant
2277 1420 2395 1476 480

441 1489 792 1566 Suppliciter
818 1491 1025 1567 tristes,
1055 1501 1114 1550 et
1139 1500 1323 1551 tunsoe
1349 1500 1584 1569 pectora
1608 1491 1833 1570 palmis.

439 1567 594 1625 Diva
618 1569 743 1627 solo
772 1570 917 1635 fixos
945 1570 1143 1629 oculos
1171 1589 1372 1628 aversa
1398 1570 1648 1629 tenebat.

437 1646 559 1704 Ter
584 1648 802 1706 circum
832 1649 1048 1707 Iliacos
1065 1658 1384 1726 raptaverat
1411 1649 1667 1708 Hectora
1689 1669 1903 1726 muros,

436 1725 909 1804 Exanimumque
938 1748 1072 1786 auro
1100 1747 1306 1805 corpus
1333 1729 1624 1788 vendebat
1648 1729 1931 1789 Achilles.

437 1803 592 1862 Tum
621 1802 759 1863 vero
788 1806 1080 1883 ingentem
1108 1809 1385 1883 gemitum
1415 1809 1513 1871 dat
1536 1816 1771 1885 pectore
1799 1809 1870 1867 ab
1897 1809 2037 1884 imo,
2274 1814 2392 1869 485

437 1883 522 1942 Ut
548 1884 749 1961 spolia,
779 1894 842 1944 ut
865 1900 1083 1961 currus,
1113 1894 1286 1962 utque
1315 1886 1510 1962 ipsum
1536 1905 1743 1964 corpus
1769 1887 1960 1963 amici,

436 1961 916 2041 Tendentemque
942 1984 1159 2023 manus.
1172 1963 1468 2022 Priamum
1495 1965 1800 2043 conspexit
1825 1966 2093 2025 inermes.

438 2040 515 2098 Se
545 2061 771 2118 quoque
797 2042 1152 2122 principibus
1178 2043 1527 2121 permixtum
1556 2045 1788 2120 agnovit
1813 2044 2074 2122 Achivis,

438 2118 705 2197 ansque
735 2122 905 2199 acieS,
935 2131 994 2181 et
1020 2122 1167 2198 nigri
1193 2122 1531 2181 Memnonis
1559 2140 1733 2182 arma.
2350 2151 2359 2166 ε

435 2198 616 2258 Ducit
640 2201 1063 2259 Amazonidum
1090 2200 1300 2259 lunatis
1329 2202 1558 2276 agmina
1623 2202 1752 2260 eltis
2272 2208 2390 2263 490

435 2275 806 2338 Penthesilea
831 2280 1044 2354 furens,
1073 2279 1394 2356 mediisque
1421 2279 1482 2336 in
1512 2280 1590 2336 mi
1614 2279 1765 2338 libus
1794 2280 1971 2356 ardet,

434 2356 626 2414 Aurea
652 2358 998 2418 subnectens
1024 2367 1267 2417 exsertae
1294 2356 1526 2434 cingula
1551 2376 1820 2415 mammas

433 2433 732 2512 Bellatrix,
763 2437 1052 2515 audetque
1076 2437 1212 2495 viris
1238 2455 1577 2495 concurrere
1603 2437 1783 2513 virgo.

510 2514 659 2572 Haec
687 2516 824 2574 dum
852 2516 1145 2574 Dardanio
1174 2516 1386 2573 AEneae
1414 2515 1673 2574 miranda
1697 2515 1983 2592 videntur,

432 2590 588 2650 Dum
618 2601 827 2671 stupet,
856 2594 1169 2673 obtutuque
1197 2595 1382 2672 haeret
1405 2594 1630 2652 defixus
1656 2595 1718 2652 in
1746 2613 1881 2669 uno,
2270 2599 2388 2655 495

432 2669 660 2747 Regina
686 2673 756 2731 ad
785 2674 1085 2751 templum,
1113 2673 1297 2731 forma
1322 2673 1726 2751 pulcherrima,
1756 2673 1914 2731 Dido

434 2748 694 2823 Incessit,
724 2753 933 2827 magna
949 2755 1232 2831 juvenum
1261 2752 1508 2830 stipante
1534 2753 1780 2811 caterva.
1972 2761 1977 2766 ’

433 2827 637 2899 Qualis
664 2829 724 2886 in
755 2830 988 2889 Eurotae
1016 2832 1279 2909 ripis·aut
1303 2850 1410 2908 per
1427 2833 1570 2909 juga
1596 2830 1814 2908 Cynthi

432 2904 689 2965 Exercet
714 2908 908 2967 Diana
933 2910 1176 2982 choros;
1220 2929 1399 2986 quam·
1420 2909 1579 2968 mille
1606 2918 1818 2968 secutae

432 2982 590 3042 Hinc
618 2994 785 3063 atque
814 2987 951 3045 hinc
978 2988 1364 3064 glomerantur
1391 2987 1685 3062 Oreades;
1727 2988 1827 3046 illa
1850 2987 2178 3065 pharetram
2267 2991 2386 3050 500

431 3062 570 3122 Fert
594 3062 851 3141 humero,
881 3066 1261 3142 gradiensque
1288 3067 1428 3123 deas
1455 3067 1846 3145 supereminet
1869 3085 2075 3125 omnes
2098 3084 2114 3123 ε

429 3142 667 3201 Latonae
695 3145 931 3203 tacitum
957 3152 1284 3222 pertentant
1309 3146 1518 3220 gaudia
1584 3151 1761 3204 ectus.

429 3220 590 3278 Talis
618 3231 737 3281 erat
763 3224 939 3299 Dido,
968 3223 1143 3282 talem
1171 3242 1234 3281 se
1261 3222 1397 3281 laeta
1420 3222 1540 3283 fere
1582 3233 1640 3283 at

429 3295 544 3356 Per
569 3301 811 3377 medioS‚
839 3302 1060 3361 instans
1087 3302 1247 3380 operi
1274 3303 1579 3379 regnisque
1606 3301 1829 3361 futuris.

428 3376 583 3434 Tum
610 3378 828 3438 foribus
856 3380 1028 3457 divae,
1058 3380 1252 3439 media
1277 3381 1566 3441 testudine
1593 3379 1814 3457 templi,
2266 3384 2385 3444 50⁸

429 3456 607 3533 Septa
634 3458 806 3517 armis
834 3460 1093 3536 solioque
1121 3456 1234 3518 alte
1264 3458 1531 3535 subnixa,
1560 3458 1789 3518 resedit.

424 3534 460 3592 J
462 3555 561 3593 ura
589 3535 761 3596 dabat
786 3538 1057 3616 legesque
1083 3525 1239 3613 viris',
1269 3557 1622 3616 operumque
1648 3535 1901 3597 laborem

424 3613 693 3673 Partibus
721 3616 983 3693 aequabat
1001 3619 1196 3696 justis,
1226 3626 1323 3675 aut
1349 3626 1502 3675 sorte
1528 3614 1821 3680 trahebat:

427 3693 626 3765 Quum
656 3693 844 3753 subito
872 3696 1095 3754 AEneas
1123 3715 1405 3755 concursu
1435 3696 1708 3755 accedere
1736 3716 1792 3754 m
2442 3735 2447 3742 -

424 3772 680 3847 Anthea,
714 3774 1158 3853 Sergestumque
1184 3776 1363 3851 videt,
1390 3773 1708 3854 fortemque
1735 3775 2108 3851 Cloanthum,
2266 3776 2383 3831 510

424 3851 902 3928 Teucrorumque
931 3853 1091 3929 alios,
1120 3863 1240 3913 ater
1265 3874 1410 3931 quos
1437 3874 1666 3931 aequore
1693 3853 1860 3913 turbo
2400 3894 2411 3901 ·

425 3929 779 4008 Dispulerag
807 3928 1154 4009 penitusque
1180 3933 1321 3992 alias
1348 3942 1622 3993 avexerat
1645 3950 1792 3992 oras.
