2717 4300
204 253 429 329 ‘ssa
1117 251 1482 328 mmos

327 414 565 491 Profuit,
594 423 693 473 aut
717 424 938 475 nostras
963 416 1205 474 humero
1231 415 1479 490 gessisse
1505 414 1817 491 pharetras.

325 494 388 554 N
389 513 464 552 on
494 502 687 552 tamen
715 494 1043 552 indecorem
1075 503 1173 552 tua
1196 503 1255 550 te
1282 493 1484 568 regina
1509 491 1742 568 reliquit

327 572 611 630 Extremi
628 573 749 650 jam
777 572 837 628 in
868 581 1047 628 morte
1070 590 1085 629 ι
1128 588 1319 647 neque
1346 571 1459 627 hoc
1486 571 1612 628 sine
1638 571 1874 628 nomine
1898 568 2082 628 letum

327 650 443 708 Per
468 658 671 725 gentes
697 649 823 722 erit,
852 662 953 707 aut
975 649 1188 707 famam
1213 646 1448 726 patieris
1473 647 1693 705 inultae.

326 728 485 787 Nam
511 726 864 803 quicumque
890 734 1056 784 tuum
1082 726 1322 784 violavit
1345 725 1586 783 vulnere
1612 744 1839 803 corpus,

328 805 522 862 Morte
549 804 671 863 luet
694 804 916 862 meriti.
998 805 1140 863 Fuit
1163 803 1371 880 ingens
1396 813 1593 863 monte
1621 804 1730 863 sub
1758 802 1874 863 alto

329 883 512 957 Regis
534 883 835 940 Dercenni
859 890 1087 944 terreno
1113 901 1190 940 ex
1217 901 1425 958 aggere
1451 882 1684 941 bustum

329 960 571 1037 Antiqui
597 960 922 1035 Laurentis,
951 961 1247 1037 opacfique
1272 959 1406 1018 ilice
1432 968 1689 1019 tectum:

331 1037 451 1095 Hic
478 1038 590 1096 dea
614 1057 677 1095 se
702 1034 956 1115 primum
981 1037 1182 1116 rapido
1207 1037 1600 1116 pulcherrima
1622 1038 1756 1114 nisu

334 1116 514 1191 Sistit,
542 1123 603 1174 et
626 1117 940 1174 Arruntem
966 1115 1188 1175 tumulo
1214 1115 1543 1194 speculatur
1568 1114 1641 1174 ab
1668 1115 1803 1176 alto.

331 1194 419 1254 Ut
441 1194 588 1253 vidit
611 1193 930 1270 fulgentem
958 1194 1130 1253 armis
1156 1212 1224 1252 ac
1248 1213 1402 1252 vana
1425 1202 1781 1253 tumentem:
1847 1261 1853 1268 ,

332 1273 473 1348 Cur,
500 1271 702 1349 inquit,
729 1272 988 1330 diversus
1016 1271 1184 1331 abis?
1224 1272 1342 1331 huc
1368 1272 1552 1348 dirige
1577 1292 1855 1349 gressum,

333 1349 473 1409 Huc
496 1350 750 1428 periture
775 1351 948 1409 veni:
989 1350 1184 1427 capias
1209 1359 1276 1409 ut
1298 1351 1476 1426 digna
1501 1350 1766 1410 camillae

332 1428 598 1503 Praemia,
626 1436 802 1505 tuque
830 1429 1004 1487 etiam
1030 1429 1163 1487 telis
1189 1428 1434 1487 moriere
1459 1429 1689 1486 Dianae.

314 1505 520 1580 ¹Dixit,
549 1515 609 1565 et
632 1507 833 1565 aurata
853 1506 1152 1565 volucrem
1177 1506 1457 1566 Threissa
1480 1507 1743 1583 sagittam

331 1585 709 1662 Deprompsit
731 1584 1018 1662 pharetra,
1045 1602 1341 1660 cornuque
1369 1584 1593 1642 infensa
1616 1586 1881 1662 tetendit,

336 1664 419 1722 Et
443 1662 610 1721 duxit
632 1658 825 1737 longe,
852 1661 1039 1720 donec
1068 1672 1306 1720 curvata
1330 1662 1552 1720 coirent

336 1741 495 1799 Inter
519 1759 582 1799 se
609 1740 815 1819 capita,
842 1748 903 1799 et
927 1740 1194 1800 manibus
1212 1743 1338 1819 jam
1365 1748 1625 1817 tangeret
1649 1741 1850 1819 aequis,

335 1820 515 1878 Laeva
541 1819 725 1877 aciem
750 1818 903 1895 ferri,
928 1818 1135 1884 dextra
1158 1837 1453 1896 nervoque
1477 1818 1770 1897 papillam.

338 1897 652 1974 Extemplo
676 1897 781 1956 teli
803 1898 1103 1956 stridorem
1131 1917 1412 1975 aurasque
1438 1905 1708 1957 sonantes

334 1976 539 2036 Audiit
562 1975 681 2033 una
707 1978 947 2050 Armns,
973 1976 1260 2052 haesitque
1288 1976 1345 2034 in
1377 1995 1615 2053 corpore
1640 1975 1874 2035 ferrum.

339 2054 513 2113 Illum
539 2055 928 2132 exspirantem
955 2054 1099 2112 socii
1127 2062 1298 2131 atque
1325 2063 1587 2113 extrema
1611 2064 1944 2130 gementem

338 2131 521 2192 Obliti
549 2132 742 2209 ignoto
769 2152 1104 2211 camporum
1132 2133 1193 2192 in
1217 2134 1456 2212 pulvere
1483 2134 1787 2212 linquunt:

339 2212 485 2289 Opis
512 2213 585 2271 ad
612 2211 913 2271 :etherium
938 2213 1147 2290 pennis
1171 2212 1425 2272 aufertur
1451 2212 1785 2291 Olympum.

258 2348 263 2355 ,
416 2290 612 2349 Prima
634 2290 798 2368 fugit,
823 2291 1058 2350 domina
1085 2292 1318 2358 amissa,
1346 2291 1493 2349 levis
1520 2290 1613 2350 ala
1635 2291 1942 2366 Camillae3

337 2368 579 2428 Turbati
603 2362 832 2445 fugiunt
856 2369 1064 2428 Rutuli
1084 2388 1102 2442 ;
1145 2369 1292 2446 fugit
1317 2388 1451 2428 acer
1474 2370 1720 2445 Atinas3

338 2447 698 2527 Disjectique
724 2448 903 2506 duces
929 2449 1282 2525 desolatique
1310 2448 1552 2526 manipli

339 2524 494 2585 Tuta
516 2533 738 2603 petunt,
766 2534 826 2585 et
851 2527 1014 2603 equis
1040 2527 1227 2585 aversi
1253 2527 1326 2585 ad
1353 2527 1568 2584 moenia
1590 2528 1854 2586 tendunt.

339 2603 468 2662 Nec
494 2605 798 2681 quisquam
823 2604 1101 2663 instantes
1128 2604 1390 2662 Teucros
1416 2603 1710 2681 letumque
1733 2604 1985 2664 serentes

343 2682 673 2755 Sustentare
697 2682 853 2740 valet
877 2683 1027 2757 telis,
1056 2690 1157 2741 aut
1181 2681 1383 2740 sistere
1410 2679 1643 2757 contri3

345 2760 460 2817 Sed
482 2760 650 2818 laxos
676 2759 932 2820 referunt
954 2759 1211 2820 humeris
1236 2758 1642 2836 languentibus
1665 2779 1830 2821 arcus
1849 2778 1868 2836 ς

2174 495 2294 551 845

2174 1276 2292 1331 855

2176 1667 2291 1723 860

2178 2047 2295 2114 865

2177 2452 2294 2507 870

344 2837 911 2915 Quadrupedumque
934 2849 1162 2916 putrem
1189 2857 1360 2898 cursu
1388 2839 1569 2915 quatit
1593 2840 1813 2918 ungula
1838 2857 2129 2916 campum.
2178 2840 2296 2896 875

342 2915 611 2976 Volvitur
636 2917 709 2975 ad
734 2935 929 2976 muros
952 2917 1200 2994 caligine
1225 2917 1486 2977 turbidus
1514 2919 1636 2977 atra

342 2995 581 3069 Pulvis;
623 3003 683 3054 et
696 3002 743 3053 'e
769 2996 1017 3072 speculis
1042 3016 1329 3074 percussae
1355 3005 1590 3074 pectora
1614 3005 1823 3056 matres

342 3073 709 3133 Foemineum
735 3073 1043 3133 clamorem
1071 3076 1144 3134 ad
1169 3076 1303 3134 coeli
1327 3076 1518 3134 sidera
1542 3077 1765 3134 tollunt.

347 3152 467 3223 Qui
492 3170 658 3211 cursu
686 3159 892 3230 portas
903 3154 1073 3231 primi
1099 3151 1354 3231 irrupere
1380 3162 1661 3231 patentes,

345 3230 474 3288 Hos
501 3229 735 3290 inimica
759 3250 936 3307 super
960 3232 1141 3291 mixto
1169 3233 1380 3310 premit
1405 3233 1633 3308 agmine
1658 3229 1862 3290 turba:

346 3307 481 3368 Nec
508 3309 775 3368 miseram
804 3309 1091 3387 effugiunt
1114 3318 1356 3370 mortem
1378 3329 1396 3382 3
1440 3311 1542 3369 sed
1567 3309 1770 3368 limine
1794 3308 1860 3367 in
1882 3309 2029 3388 ipso,

348 3386 644 3446 Moenibus
670 3389 731 3446 in
755 3389 972 3480 patriis,
1001 3397 1173 3466 atque
1199 3389 1348 3448 inter
1372 3396 1494 3448 tuta
1517 3388 1837 3463 domorum,

348 3463 584 3523 confixi
608 3474 901 3543 exspirant
926 3468 1162 3526 animas.
1242 3467 1385 3526 Pars
1410 3466 1675 3526 claudere
1701 3475 1929 3543 portas3

348 3542 481 3602 Nec
508 3542 679 3601 sociis
705 3545 925 3621 aperire
948 3546 1126 3620 viam,
1152 3564 1264 3603 nec
1290 3544 1576 3603 moenibus
1603 3542 1817 3603 audent

350 3620 634 3697 Accipere
660 3630 886 3679 orantes
908 3642 926 3694 ;
967 3624 1258 3699 oriturque
1283 3622 1602 3680 miserrima
1625 3622 1818 3681 coedes

351 3696 783 3756 Defendentfim
809 3699 977 3756 armis
1005 3700 1211 3774 aditus,
1237 3699 1416 3775 inque
1441 3718 1598 3758 arma
1621 3699 1907 3761 mentam.

351 3774 616 3851 Exclusi,
645 3783 776 3833 ante
803 3773 1002 3832 oculos
1027 3775 1560 3853 lacrymanffimque
1585 3797 1686 3837 ora
1707 3777 2029 3857 parentum,

2178 3237 2295 3290 880
