2717 4300
395 278 508 339 144
1201 279 1568 339 AENEIDOS

390 429 734 487 Germanum
765 430 963 506 eredit,
991 449 1100 488 nec
1127 437 1313 489 tantos
1341 440 1536 489 mente
1562 430 1779 490 furores

389 507 680 583 concipit,
710 514 807 565 aut
831 508 1087 583 graviora
1112 508 1276 565 timet
1302 505 1477 584 quam
1503 517 1686 567 morte
1717 508 1965 586 Sychaei.

389 583 547 659 Ergo
564 587 727 662 jussa
751 594 929 661 parat.

467 664 547 719 At
571 662 787 736 regina,
813 663 957 739 pyra
1023 661 1262 719 enetrali
1288 660 1348 718 in
1378 662 1516 719 sede
1545 658 1653 719 sub
1682 681 1846 722 auras

388 736 603 795 Erectii
628 740 868 815 ingenti,-
896 748 970 796 tae
1013 740 1063 797 is
1091 747 1261 815 atque
1287 738 1424 796 ilice
1452 741 1628 815 secta,

388 813 753 891 Intenditque
779 816 972 875 locum
1002 816 1185 892 sertis,
1212 825 1273 873 et
1296 816 1499 874 fronde
1526 825 1760 875 coronat

385 891 691 950 Funerea:
735 912 909 970 super
934 895 1190 969 exuvias,
1220 911 1535 970 ensemque
1564 894 1846 971 relictum,

387 967 772 1047 Effigiemque
795 981 921 1029 toro
948 970 1116 1045 locat,
1144 971 1299 1028 haud
1325 972 1522 1045 ignara
1547 970 1739 1029 futuri.

388 1047 552 1104 Stant
579 1066 690 1104 arae
717 1046 970 1122 circum3
1015 1056 1074 1106 et
1100 1049 1287 1105 crines
1315 1048 1499 1105 effusa
1525 1049 1792 1108 sacerdos

383 1122 505 1180 Ter
530 1132 766 1184 centum
793 1132 955 1184 tonat
980 1144 1077 1183 ore
1104 1126 1263 1200 deos,
1292 1124 1687 1202 Erebumque,
1716 1125 2043 1205 Chaosque,

384 1200 908 1279 Tergeminamque
936 1205 1223 1278 Hecaten,
1252 1204 1358 1260 tria
1383 1203 1620 1278 virginis
1649 1223 1749 1261 ora
1773 1205 2003 1263 Dianae.

386 1277 682 1354 Sparserat
706 1288 765 1339 et
789 1281 988 1340 latices
1014 1281 1309 1339 simulatos
1334 1279 1507 1338 fontis
1535 1283 1769 1339 Averni.

382 1354 656 1414 Falcibus
685 1366 744 1416 et
769 1377 971 1417 messae
1002 1359 1073 1416 ad
1098 1357 1294 1415 lunam
1323 1359 1885 1433 quaeruntur-ahenis

383 1434 679 1493 Pubentes
704 1435 918 1512 herbae,
947 1436 1095 1511 nigri
1122 1455 1258 1494 cum
1284 1435 1435 1493 lacte
1462 1437 1691 1493 veneni.

386 1510 681 1581 Quaeritur
707 1521 765 1571 et
791 1514 1078 1572 nascentis
1102 1514 1235 1591 equi
1263 1514 1334 1571 de
1361 1513 1547 1572 fronte
1574 1514 1854 1591 revulsus,

383 1588 467 1646 Et
492 1591 657 1648 matri
682 1599 1017 1668 praerepmS,
1048 1611 1223 1649 amor.

386 1665 526 1741 Ipsa
550 1667 722 1743 mola,
751 1669 1126 1746 manibusque
1153 1668 1285 1746 piis,
1314 1669 1513 1727 altaria
1528 1671 1714 1748 juxta,

384 1743 584 1802 Unum
612 1753 792 1803 exuta
815 1749 1025 1823 pedem
1052 1747 1278 1823 vinclis,
1306 1747 1367 1804 in
1396 1755 1556 1805 veste
1583 1748 1854 1824 recincta,

382 1821 651 1881 Testatur
677 1824 948 1882 moritura
973 1826 1130 1899 deos,
1161 1834 1220 1883 et
1245 1825 1478 1883 conscia
1501 1825 1602 1883 fati

384 1900 621 1959 Sidera:
665 1910 809 1978 tum,
839 1904 886 1963 si
913 1904 1070 1979 quod
1096 1922 1211 1960 non
1240 1921 1405 1978 aequo
1431 1902 1646 1960 foedere
1674 1910 1930 1960 amantes

381 1978 554 2036 Curae
580 1998 794 2037 numen
822 1978 1017 2054 habet,
1036 1983 1372 2058 justumque
1400 1999 1730 2057 memorque
1756 1989 2037 2056 precatur.

460 2056 601 2114 Nox
628 2065 766 2133 erat,
795 2065 854 2115 et
877 2058 1172 2134 placidum
1199 2057 1512 2135 carpebant
1536 2057 1687 2116 fessa
1713 2076 1977 2135 soporem

384 2133 641 2212 Corpora
665 2155 770 2213 per
791 2143 1006 2210 terras;
1050 2136 1325 2213 silvaeque
1353 2143 1415 2194 et
1440 2156 1594 2195 saeva
1621 2133 1885 2214 quierant

380 2212 678 2290 AEquora3
721 2235 902 2292 quum
930 2215 1124 2273 medio
1151 2215 1460 2273 volvuntur
1486 2216 1672 2273 sidera
1690 2215 1855 2292 lapsu
1878 2234 1896 2289 ;

384 2290 581 2361 Quum
608 2300 763 2352 tacet
789 2294 974 2351 omnis
1003 2312 1136 2368 ager
1151 2313 1167 2367 3
1209 2295 1486 2370 pecudeS,
1514 2294 1801 2370 pictaeque
1827 2292 2110 2370 volucres,

383 2369 651 2446 Quaeque
677 2371 836 2430 lacus
863 2368 977 2429 late
1006 2370 1274 2448 liquidos,
1304 2389 1548 2447 quaeque
1578 2389 1780 2447 aspera
1805 2370 1997 2429 dumis

381 2447 546 2508 Rura
571 2456 788 2525 tenent,
818 2468 1019 2513 somno
1045 2449 1247 2526 positae
1277 2449 1384 2506 sub
1412 2456 1584 2506 nocte
1612 2448 1803 2506 silenti

383 2525 673 2586 Lenibant
698 2546 882 2601 curaS,
912 2536 970 2585 et
996 2528 1169 2584 corda
1194 2525 1372 2583 oblita
1396 2525 1654 2583 laborum
1678 2545 1692 2582 :

382 2604 464 2661 At
487 2622 604 2661 non
631 2604 835 2662 infelix
862 2604 1038 2661 animi
1065 2604 1404 2675 Phoenissa;
1446 2622 1636 2678 neque
1663 2621 1917 2678 unquam

387 2680 640 2740 Solvitur
665 2682 724 2739 in
754 2700 1006 2756 somnOS,
1035 2681 1292 2738 oculisve
1321 2689 1417 2738 aut
1442 2690 1676 2756 pectore
1703 2688 1937 2738 noctem

385 2759 654 2835 Accipit:
697 2759 1055 2835 ingeminant
1081 2778 1268 2832 curae;
1311 2777 1619 2833 rursusque
1647 2777 1950 2835 resurgens
1984 2755 1989 2762 ’

333 2833 344 2848 ‘
388 2837 567 2895 Saevit
592 2856 766 2912 amor,
796 2855 1117 2915 magnoque
1145 2837 1351 2894 irarum
1379 2836 1619 2894 fluctuat
1646 2845 1809 2895 aestu.

387 2914 485 2972 Sic
512 2911 656 2972 adeo
685 2915 911 2990 insistit,
940 2931 1255 2992 secumque
1282 2914 1363 2972 ita
1390 2914 1562 2972 corde
1591 2916 1842 2974 volutat:

385 2993 481 3050 En
509 2993 647 3067 quid
676 3013 781 3071 ago
805 2996 828 3051 ?
871 3012 1140 3051 rursusne
1166 2989 1560 3071 procos-irrisa
1583 2995 1800 3072 priores

386 3070 706 3148 Experiar?
786 3072 1237 3149 Nomadumque
1264 3080 1460 3149 petam
1488 3072 1775 3129 connubia
1802 3068 2067 3148 supplex,

386 3149 552 3220 Quos
579 3168 688 3227 ego
716 3151 824 3208 sim
851 3150 1022 3208 toties
1040 3153 1162 3229 jam
1190 3150 1496 3227 dedignata
1523 3150 1794 3207 maritos?

388 3226 591 3287 Iliacas
617 3228 790 3304 igitur
815 3227 1027 3287 classes
1055 3237 1226 3304 atque
1253 3228 1458 3286 ultima
1481 3226 1778 3285 Teucrum

382 3304 552 3363 Jussa
579 3310 819 3383 sequar?
860 3308 1071 3385 quiane
1101 3306 1317 3364 auxilio
1335 3310 1500 3384 juvat
1527 3301 1662 3362 ante
1684 3304 1922 3380 levatos,

382 3387 504 3442 Ant
528 3385 678 3443 bene
705 3387 857 3463 apud
886 3404 1170 3444 memores
1197 3384 1408 3443 veteris
1435 3390 1545 3440 stat
1572 3383 1750 3457 gratia
1775 3382 1950 3442 facti?

385 3462 534 3533 Quis
563 3482 656 3522 me
685 3472 894 3540 autem,
921 3464 1012 3522 fac
1039 3463 1210 3537 velle,
1240 3463 1431 3520 sinet?
1471 3460 1758 3518 ratibusve
1785 3457 2046 3538 superbis

384 3541 639 3599 Invisam
668 3542 953 3618 accipiet?
1035 3542 1096 3600 N
1100 3541 1267 3616 esciS,
1296 3539 1450 3596 heu!
1492 3539 1733 3618 perdita,
1760 3538 2013 3597 necdum

383 3618 830 3677 Laomedonteae
860 3618 1036 3676 sentis
1062 3618 1313 3696 perjuria
1338 3617 1567 3694 gentis?

386 3697 548 3768 Quid
573 3698 739 3754 tum?
782 3696 902 3754 sola
931 3695 1066 3771 fugi
1093 3705 1294 3754 nautas
1323 3694 1639 3753 comitabor
1664 3695 1948 3753 ovantes?

383 3778 478 3833 An
508 3775 698 3851 Tyriis
726 3773 999 3848 omnique
1028 3793 1201 3830 manu
1229 3774 1435 3849 stipata
1460 3790 1720 3831 meorum

2225 746 2341 803 505

2225 1133 2340 1188 διο
2388 1204 2399 1211 1

2108 1487 2113 1491 ’
2222 1518 2337 1573 515

2223 1907 2338 1962 520

2220 2295 2339 2351 525

2224 2683 2340 2739 530

2226 3072 2340 3127 535

2226 3462 2342 3518 540
