2717 4300
317 279 392 345 κ
1109 278 1474 335 AENEIDos

318 429 657 506 Virginibus
686 427 878 505 Tyriis
907 446 1029 486 mos
1057 437 1147 486 est
1171 436 1393 503 gestare
1418 428 1769 505 pharetram,

318 508 734 584 Purpureoque
763 503 874 564 alte
903 526 1061 563 suras
1087 505 1305 563 vincire
1332 507 1631 564 cothurno.

318 585 543 644 Punica
568 604 745 660 regna
768 585 951 657 vides,
980 583 1209 659 Tyrios,
1238 593 1298 642 et
1322 585 1609 659 Agenoris
1639 584 1840 642 urbem
1861 603 1881 660 3

322 664 436 721 Sed
466 664 610 719 fines
638 661 860 737 Libyci,
890 680 1075 737 genus
1100 661 1456 719 intractabile
1483 662 1654 720 bello.

320 741 633 815 Imperium
663 741 817 797 Dido
846 739 1024 815 Tyria
1052 739 1198 814 regit
1222 740 1366 798 urbe
1391 740 1665 817 profecta,
2153 744 2273 799 340

320 818 673 875 Germanum
702 818 968 892 fugiens:
1015 818 1189 893 longa
1212 826 1301 876 est
1326 819 1553 896 injuria,
1582 818 1771 894 longae
2205 832 2209 836 ’

324 894 648 971 Ambages3
689 897 793 953 sed
819 915 1049 961 summa
1078 915 1286 972 sequar
1310 896 1773 973 fastigiarerum.

396 973 552 1030 Huic
580 977 798 1052 conjux
829 974 1108 1050 Sychaeus
1135 983 1273 1048 erat,
1302 975 1616 1032 ditissimus
1643 975 1763 1050 agri

317 1049 685 1127 Phoeuicum‚
714 1060 773 1110 et
799 1071 1011 1126 magno
1037 1052 1262 1110 miserae
1291 1052 1534 1111 dilectus
1561 1071 1793 1110 amore:
1852 1074 1857 1078 ·

318 1129 428 1186 Cui
456 1138 617 1205 pater
641 1131 910 1189 intactam
940 1131 1191 1204 dederat,
1219 1131 1540 1207 primisque
1557 1133 1794 1210 jugfirat
2156 1132 2276 1186 345

319 1205 643 1265 Ominibus.
730 1209 843 1265 Sed
874 1227 1049 1282 regna
1065 1209 1215 1284 Tyri
1244 1227 1552 1283 germanus
1580 1208 1833 1267 habebat

316 1282 676 1361 Pygmalion,
705 1286 921 1343 scelere
949 1296 1080 1344 ante
1109 1287 1251 1344 alios
1277 1289 1583 1345 immanior
1610 1296 1831 1344 omnes.

257 1408 268 1417 ,
319 1361 485 1432 Quos
512 1364 660 1421 inter
687 1364 911 1421 medius
940 1365 1103 1425 venit
1126 1365 1315 1423 furor:
1357 1366 1456 1423 ille
1488 1366 1797 1441 Sychaeum

320 1437 539 1517 Impiu's
567 1451 697 1507 ante
727 1462 868 1515 aras,
899 1451 1069 1518 atque
1099 1445 1220 1500 auri
1250 1462 1444 1501 caecus
1471 1462 1684 1518 amore,

317 1517 484 1575 Clam
514 1519 660 1577 ferro
688 1521 983 1577 incautum
1011 1529 1260 1596 superat,
1290 1540 1526 1578 securus
1555 1540 1816 1578 amorum
2157 1522 2275 1576 350

322 1596 626 1654 Germanae
649 1617 665 1670 ;
709 1598 1039 1673 factumque
1068 1599 1167 1654 diu
1197 1598 1442 1670 celavit3
1486 1607 1550 1656 et
1571 1617 1802 1674 aegram,
1939 1661 1947 1669 ,

315 1670 512 1733 Multa
536 1672 721 1733 malus
750 1676 1047 1750 simulam,
1077 1677 1226 1732 vana
1253 1695 1355 1752 spe
1384 1677 1521 1734 lusit
1547 1678 1854 1747 amantem.

315 1748 452 1888 {psa
479 1753 581 1810 sed
609 1754 668 1810 in
697 1752 918 1810 somnis
942 1753 1227 1811 inhumati
1252 1755 1415 1812 venit
1439 1755 1630 1830 imago

370 1830 617 1908 onjugis',
647 1851 745 1889 ora
772 1832 960 1889 modis
988 1832 1257 1893 attollens
1283 1832 1499 1909 pallida
1524 1833 1682 1891 miris
1705 1853 1722 1891 t

315 1909 596 1969 Crudeles
624 1928 748 1968 aras
774 1913 1127 1989 trajectaque
1152 1921 1388 1987 pectora
1413 1911 1560 1968 ferro
2156 1913 2276 1969 355

312 1989 593 2067 Nudavit,
621 2008 953 2066 caecumque
982 1989 1186 2047 domins
1205 1990 1403 2051 ,scelus
1430 2009 1601 2047 omne
1630 1990 1856 2049 retexit.
2028 2010 2031 2015 '

284 2127 288 2130 .
314 2070 469 2132 Tum
501 2069 750 2131 celerare
777 2068 971 2144 fugam
998 2068 1298 2144 patriaque
1325 2069 1609 2125 excedere
1637 2069 1877 2127 suadet:

301 2148 733 2225 ·Auxiliumque
760 2146 871 2205 viae
896 2156 1122 2206 veteres
1149 2146 1353 2205 tellure
1381 2146 1626 2206 recludit

273 2223 664 2302 ‘Thesauros,
691 2228 951 2302 ignotum
980 2226 1202 2301 argenti
1227 2227 1453 2302 pondus
1481 2234 1538 2296 et
1566 2226 1708 2283 auri.

316 2307 429 2368 His
456 2314 763 2378 commota,
793 2304 986 2381 sugam
1015 2305 1170 2362 Dido
1198 2305 1502 2379 sociosque
1526 2304 1780 2380 parabat.
2160 2304 2279 2359 360

287 2442 292 2452 ,
317 2385 690 2447 Conveniunt
715 2384 926 2459 quibus
956 2391 1056 2440 aut
1081 2383 1278 2439 odium
1306 2382 1543 2439 crudele
1570 2381 1818 2456 tyranni,
1946 2413 1959 2440 ι
2042 2403 2087 2450 ,με

315 2465 438 2526 Aut
463 2472 653 2522 metus
681 2481 813 2519 acer
839 2470 999 2532 erat3
1042 2479 1220 2517 naves
1246 2479 1378 2535 quae
1406 2456 1549 2515 sorte
1576 2466 1790 2535 paratas

263 2559 284 2590 a
316 2541 666 2617 Corripiunt,
698 2546 1259 2613 onerantqueauro3
1301 2545 1598 2613 portantur
1624 2537 1780 2599 avari

316 2618 708 2694 Pygmalionis
736 2635 875 2692 opes
901 2616 1109 2691 pelago
1133 2635 1147 2672 z
1191 2615 1311 2672 dux
1338 2614 1575 2672 foemina
1600 2613 1754 2673 facti.
2046 2667 2050 2675 .

317 2693 626 2758 Devenere
652 2695 811 2751 locos
837 2692 939 2750 ubi
965 2712 1122 2749 nunc
1149 2692 1408 2767 ingentia
1433 2711 1635 2749 cernes
2160 2690 2280 2749 36⁵

317 2773 560 2847 Moenia‚
590 2779 1037 2847 surgentemque
1064 2786 1233 2827 novoe
1262 2770 1627 2843 Carthaginis
1655 2788 1843 2828 arcem
1868 2788 1884 2827 t

318 2852 388 2910 M
392 2851 684 2927 ercatique
711 2849 919 2922 solum,
948 2848 1084 2906 sacti
1110 2850 1185 2906 de
1212 2849 1450 2906 nomine
1478 2849 1740 2925 Byrsam,

319 2929 574 2987 Taurino
604 2924 881 3005 quantum
908 2935 1143 3004 possent
1168 2927 1522 3000 circumdare
1549 2937 1728 3003 tergo.

322 3008 440 3065 Sed
472 3027 575 3065 vos
603 3006 704 3083 qui
731 3006 965 3065 tandem
989 3008 1011 3062 ?
1054 3005 1266 3081 quibus
1293 3014 1394 3064 aut
1419 3006 1659 3064 venistis
1682 3006 1758 3064 ab
1786 3007 1952 3078 oris?

321 3083 532 3157 Quove
558 3086 764 3144 tenetis
791 3084 943 3143 iter?
986 3084 1289 3162 Quaerenti
1317 3084 1524 3153 talibus
1551 3085 1651 3142 ille
2161 3084 2286 3139 370

323 3164 647 3239 suspirans,
677 3163 905 3239 imoque
933 3163 1165 3221 trahens
1193 3183 1228 3221 a
1251 3172 1487 3239 pectore
1510 3181 1717 3220 vocem
1740 3177 1767 3219 22

400 3242 453 3301 Ο
483 3243 610 3316 dea,
640 3242 688 3299 si
715 3242 899 3319 prima
926 3249 1196 3318 repetens
1225 3241 1297 3299 ab
1324 3242 1545 3318 origine
1570 3258 1827 3318 pergam,

321 3319 404 3377 Et
429 3328 600 3378 vacet
626 3321 863 3379 annales
889 3329 1214 3378 nostrorum
1241 3320 1440 3377 audire
1467 3319 1746 3393 laborum,

321 3394 477 3455 Ante
506 3397 661 3458 diem
688 3400 882 3456 clauso
910 3407 1219 3476 componet
1246 3397 1476 3474 Vesper
1503 3397 1773 3473 Olympo.

322 3476 452 3534 Nos
480 3475 662 3553 Trojfi
690 3478 944 3551 antiqua,
974 3478 1024 3535 si
1049 3486 1266 3535 vestras
1292 3474 1436 3534 sorte
1464 3494 1568 3552 per
1594 3492 1760 3532 aures
2167 3475 2311 3540 ³⁷5.

322 3553 518 3631 Trojae
546 3572 760 3611 nomen
793 3554 877 3627 iit,
905 3556 1132 3614 diversa
1155 3575 1261 3632 per
1286 3573 1518 3630 aequora
1541 3560 1739 3611 vectos

324 3632 499 3691 Forte
527 3632 636 3690 sua
663 3630 899 3706 Libycis
926 3640 1236 3709 tempestas
1265 3632 1488 3709 appulit
1511 3631 1642 3689 oris.

329 3710 469 3767 Sum
496 3710 627 3785 pius
654 3710 895 3784 AEneas,
924 3718 1115 3785 raptos
1142 3710 1244 3786 qui
1271 3730 1348 3767 ex
1374 3710 1540 3767 hoste
1566 3709 1847 3767 Penates.

327 3788 528 3851 Classe
554 3789 707 3851 veho
735 3806 990 3863 mecum,
1015 3787 1168 3862 fama
1195 3808 1371 3868 super
1396 3788 1615 3848 aethera
1640 3796 1832 3847 notus.
