2717 4300
1216 268 1450 326 LIBER.
1485 270 1587 327 111.
2307 280 2382 345 55

411 415 649 477 Desinit
675 424 808 476 ante
835 416 1058 494 decem,
1085 426 1217 496 post
1243 428 1487 497 quatuor
1511 420 1736 498 incipit,
1765 441 1983 485 annos:

414 497 642 554 Uaetera
669 515 780 554 nec
805 495 1025 555 foeturae
1054 497 1282 573 habilis,
1311 517 1421 556 nec
1449 497 1609 558 fortis
1636 500 1850 561 aratris.

417 575 664 652 Interea,
693 582 924 652 superat
948 575 1214 652 gregibus
1243 579 1381 635 dum
1410 576 1542 636 laeta
1556 580 1849 658 juventas,

417 654 591 711 Solve
618 672 841 727 mares;
884 655 1047 712 mitte
1075 655 1135 712 in
1164 653 1460 713 Venerem
1487 657 1759 734 pecuaria
1781 658 2021 737 primus,

414 735 606 809 Atque
635 733 804 790 aliam
832 752 909 790 ex
936 732 1047 790 alia
1075 735 1404 809 generando
1433 735 1631 793 suffice
1656 736 1899 814 prolem.
2297 744 2376 801 65

416 811 653 889 Optima
676 830 918 889 quaeque
948 812 1070 870 dies
1100 812 1322 870 miseris
1351 814 1684 872 mortalibus
1714 815 1827 874 aevi

412 888 611 947 Prima
635 890 812 967 sugit:
855 889 1107 949 subeunt
1132 891 1335 968 morbi,
1365 892 1654 968 tristisque
1681 904 1969 972 senectus,

416 969 497 1025 Et
521 969 700 1044 labor,
729 977 788 1027 et
814 970 971 1027 durae
1001 970 1148 1046 rapit
1172 969 1546 1029 inclementia
1573 971 1787 1031 mortis.

416 1049 662 1125 Semper
686 1056 853 1106 erunt
880 1067 1119 1125 quarum
1146 1049 1352 1107 mutari
1379 1068 1619 1127 corpora
1645 1052 1838 1126 malis;

416 1127 656 1202 Semper
682 1127 835 1184 enim
865 1127 1072 1185 refice:
1118 1146 1204 1202 ac,
1233 1147 1307 1184 ne
1334 1125 1468 1206 post
1493 1129 1703 1187 amissa
1728 1131 2001 1208 requiras,
2293 1135 2371 1192 70

412 1206 722 1280 Anteveni,
752 1213 811 1263 et
837 1205 1097 1263 sobolem
1121 1215 1381 1266 armento
1403 1207 1601 1265 sortire
1624 1210 1949 1284 quotannis.

488 1283 550 1342 N
553 1302 621 1340 ec
649 1303 763 1341 non
790 1292 850 1342 et
875 1284 1074 1361 pecori
1100 1292 1189 1342 est
1208 1284 1363 1341 idem
1393 1284 1654 1343 delectus
1682 1287 1911 1364 equino.

412 1362 504 1419 Tu
534 1359 724 1438 modo,
755 1382 898 1440 quos
928 1362 987 1419 in
1017 1381 1182 1439 spem
1213 1372 1427 1421 statues
1455 1363 1789 1424 submittere
1817 1366 2026 1444 gentis,

410 1441 771 1518 Praecipuum
789 1445 915 1520 jam
944 1442 1079 1498 inde
1101 1460 1135 1498 a
1161 1442 1373 1501 teneris
1402 1442 1674 1519 impende
1700 1443 1975 1504 laborem.

409 1517 702 1578 Continuo
727 1519 956 1597 pecoris
983 1521 1248 1596 generosi
1274 1520 1468 1598 pullus
1496 1522 1556 1579 in
1586 1522 1736 1580 arvis
1983 1596 1986 1597 7
2290 1527 2369 1584 75

406 1597 599 1656 Altius
625 1599 960 1675 ingreditur,
990 1609 1048 1656 et
1075 1598 1272 1658 mollia
1298 1619 1462 1658 crura
1489 1603 1753 1678 reponit:

406 1677 635 1736 Primus
662 1688 721 1736 et
744 1678 828 1736 ire
856 1678 1004 1735 viam
1036 1688 1095 1736 et
1118 1678 1324 1736 fluvios
1353 1686 1573 1737 tentare
1602 1680 1856 1740 minaces

407 1757 620 1832 Audet,
650 1765 708 1814 et
727 1758 922 1832 ignoto
952 1776 1079 1814 sese
1108 1759 1471 1816 committere
1497 1759 1663 1836 ponti
1687 1779 1701 1816 τ

409 1835 540 1893 Nec
566 1855 744 1894 vanos
771 1836 965 1894 horret
992 1838 1279 1913 strepitus.
1368 1836 1459 1894 Illi
1488 1838 1665 1895 ardua
1691 1837 1910 1915 cervix,

412 1917 801 1992 Argutumque
829 1922 1022 1992 caput,
1050 1914 1241 1972 brevis
1271 1916 1450 1990 alvus,
1481 1915 1770 1995 obesaque
1800 1925 1995 1994 terga;
2285 1923 2364 1978 8⁰

404 1995 796 2072 Luxuriatque
823 1995 960 2052 toris
987 1994 1309 2052 animosum
1336 2004 1558 2071 pectus.
1617 1995 1869 2054 Honesti

408 2074 707 2152 Spadices,
736 2073 1071 2152 glaucique3
1116 2074 1273 2131 color
1300 2074 1638 2132 deterrimus
1667 2075 1831 2153 albis,

407 2154 489 2212 Et
513 2154 684 2230 gilvo.
768 2153 941 2229 Tum,
970 2153 1021 2210 si
1049 2173 1162 2229 qua
1187 2173 1391 2211 sonum
1419 2154 1619 2231 procul
1648 2174 1804 2213 arma
1830 2151 2068 2233 dedere,

408 2234 570 2291 Stare
597 2233 723 2291 loco
752 2231 955 2308 nescit,
985 2233 1160 2290 micat
1188 2231 1441 2307 auribuS,
1471 2243 1531 2290 et
1555 2233 1747 2290 tremit
1773 2240 1946 2308 artus,
2235 2303 2244 2306 -

404 2312 841 2388 collectumque
866 2330 1142 2388 premens
1171 2310 1351 2369 volvit
1378 2308 1485 2368 sub
1512 2310 1748 2369 naribus
1774 2312 1988 2388 ignem.
2285 2315 2362 2371 85

404 2389 606 2449 Densa
634 2392 784 2466 ’uba,
814 2398 873 2449 et
901 2391 1104 2448 dextro
1118 2392 1334 2468 jactata
1359 2389 1644 2447 recumbit
1669 2390 1730 2447 in
1760 2409 1936 2449 armo.

404 2471 482 2529 At
509 2411 729 2548 duplex
755 2469 938 2544 agitur
963 2489 1069 2547 per
1095 2468 1323 2527 lumbos
1351 2468 1555 2546 spina:
1600 2478 1880 2546 cavatque

402 2547 723 2625 Tellurem,
753 2557 814 2607 et
840 2549 1025 2606 solido
1054 2547 1299 2624 graviter
1319 2557 1485 2606 sonat
1511 2547 1727 2624 ungula
1753 2567 1952 2608 cornu.

402 2628 564 2687 Talis
588 2627 872 2704 Amyelaei
898 2627 1151 2685 domitus
1180 2627 1440 2686 Pollucis
1468 2626 1712 2688 habenis

403 2707 686 2782 Cyllarus,
719 2717 794 2782 et,
824 2726 1065 2783 quorum
1097 2705 1258 2764 Graii
1287 2704 1605 2764 meminere
1631 2709 1841 2783 poetae,
2281 2709 2362 2765 90

405 2784 609 2844 Martis
626 2786 772 2862 ‘equi
799 2785 1044 2864 bijuges,
1074 2792 1133 2844 et
1161 2785 1356 2862 magni
1384 2804 1582 2844 currus
1610 2784 1863 2843 Achilli:

405 2863 563 2922 Talis
592 2874 651 2925 et
675 2865 802 2941 ipse
813 2864 1019 2943 jubam
1048 2865 1271 2923 cervice
1299 2863 1505 2922 effudit
1531 2864 1744 2940 equina

404 2942 684 3021 Conjugis
710 2945 959 3001 adventu
986 2943 1192 3020 pernix
1222 2945 1519 3018 SaturnuS,
1548 2953 1608 3000 et
1633 2942 1810 3001 altum

403 3020 610 3079 Pelion
636 3023 862 3082 hinnitu
889 3022 1120 3099 fugiens
1146 3023 1224 3079 im
1267 3021 1410 3080 levit
1437 3029 1622 3081 acuto·

404 3099 580 3158 Hunc
602 3120 844 3178 quoque,
865 3101 965 3160 ubi
994 3108 1092 3159 aut
1110 3120 1233 3158 mor
1274 3119 1308 3157 o
1329 3100 1537 3176 gravis,
1560 3107 1658 3159 aut
1676 3101 1799 3179 jam
1820 3098 2049 3176 segnior
2067 3097 2253 3173 annis,
2281 3098 2359 3157 95

405 3177 638 3254 Deficit,
667 3180 812 3238 abde
839 3181 1010 3238 domo
1032 3200 1048 3253 3
1091 3199 1200 3238 nec
1227 3179 1380 3255 turpi
1407 3180 1643 3253 ignosce
1669 3187 1936 3250 senectae.

405 3257 670 3333 Frigidus
696 3257 757 3315 in
783 3258 1077 3317 Venerem
1105 3258 1314 3332 senior,
1342 3257 1659 3336 frustraque
1684 3257 1942 3316 laborem

405 3336 695 3411 Ingratum
722 3337 925 3412 trahit3
968 3346 1044 3413 et,
1073 3337 1121 3395 si
1149 3336 1378 3413 quando
1406 3337 1477 3394 ad
1504 3335 1707 3414 proelia
1733 3342 1971 3394 ventum
1999 3340 2105 3410 est,

401 3414 487 3474 Ut
506 3416 793 3491 quondam
819 3416 879 3473 in
908 3416 1130 3493 stipulis
1157 3434 1400 3491 magnus
1426 3414 1553 3473 sine
1579 3414 1797 3472 viribus
1823 3412 1992 3491 ignis,

402 3494 701 3552 Incassum
727 3494 880 3553 furit.
962 3494 1120 3570 Ergo
1147 3493 1372 3553 animos
1400 3512 1704 3570 aevumque
1729 3491 1954 3551 notabis
2245 3496 2358 3553 100

399 3569 735 3651 Praecipue3
777 3572 917 3631 hinc
945 3572 1083 3631 alias
1110 3582 1277 3650 artes,
1305 3571 1642 3650 prolemque
1666 3579 1986 3649 parentum,

398 3651 483 3711 Et
506 3652 635 3729 quis
662 3652 870 3729 cuique
897 3651 1060 3709 dolor
1083 3653 1254 3729 victo,
1284 3670 1413 3728 quae
1441 3650 1621 3728 gloria
1643 3650 1867 3728 palmae.

399 3729 615 3789 Nonne
642 3731 826 3805 vides,
854 3750 1030 3807 quum
1057 3731 1336 3808 praecipiti
1365 3730 1675 3789 certamine
1701 3749 1971 3809 campum

398 3806 766 3888 Corripuere,
794 3817 1078 3886 ruuntque
1104 3808 1272 3869 effusi
1298 3828 1526 3867 carcere
1553 3827 1785 3884 currus3
