2717 4300
1208 277 1438 332 LIBER
1479 278 1551 332 11.

390 425 608 504 Sparge
634 426 774 483 fimo
798 425 1021 504 pingui,
1050 435 1109 486 et
1136 427 1315 485 multa
1343 446 1567 485 memor
1591 426 1800 485 occule
1825 428 2013 486 terri:

388 508 515 562 Aut
539 504 790 581 lapidem
820 504 1104 580 bibulum,
1133 514 1232 565 aut
1258 506 1585 582 squalentes
1612 505 1807 564 infode
1834 506 2127 582 conchen

390 581 550 642 Inter
576 583 733 641 enim
759 583 1026 641 labentur
1052 603 1236 660 aquae,
1265 583 1571 660 tenuisque
1601 584 1817 643 subibit

390 661 642 736 Halitus,
673 669 844 736 atque
873 662 1096 720 animos
1121 662 1325 719 tollent
1351 670 1473 719 sata
1496 682 1509 720 ε
1544 663 1783 740 jamque
1809 662 2020 740 reperti

391 738 513 810 Qui
539 758 679 796 saxo
706 758 878 815 super
904 748 1074 816 atque
1101 739 1350 816 ingentis
1377 740 1632 817 pondere
1659 749 1824 800 testae

389 816 714 893 Urgerent3
755 816 868 874 hoc
897 817 1112 875 effusos
1141 818 1443 875 munimen
1473 818 1545 876 ad
1572 819 1826 893 imbres3

390 895 541 971 Hoc,
570 895 671 953 ubi
699 895 895 953 hiulca
920 895 1015 953 siti
1042 896 1209 954 findit
1236 896 1415 955 Canis
1443 896 1653 955 aestifer
1680 916 1832 955 arva.

470 972 799 1032 Seminibus
825 974 1045 1050 positis,
1076 983 1335 1051 superest
1361 976 1651 1033 deducere
1679 985 1887 1034 terram

394 1049 618 1129 Saepius
647 1052 718 1109 ad
746 1052 952 1128 capita,
982 1061 1041 1110 et
1067 1053 1239 1110 duros
1256 1055 1477 1130 jactare
1505 1053 1808 1128 bidentes;

392 1132 513 1188 Aut
534 1149 732 1207 presso
762 1149 1033 1188 exercere
1061 1131 1247 1189 solum
1276 1131 1386 1188 sub
1413 1151 1667 1207 vomere,
1697 1142 1757 1191 et
1781 1133 1908 1210 ipsa

391 1209 652 1267 Flectere
679 1207 963 1267 luctantes
991 1209 1138 1267 inter
1164 1209 1357 1267 vineta
1369 1282 1376 1289 ι
1377 1211 1666 1288 juvencos
1691 1230 1704 1268 z

390 1288 542 1344 Tum
571 1287 728 1345 leves
756 1287 1029 1361 calamos,
1059 1295 1119 1345 et
1141 1306 1286 1344 rasae
1314 1287 1543 1345 hastilia
1567 1288 1765 1363 virgae,

389 1365 819 1442 Fraxineasque
846 1375 1040 1442 aptare
1068 1365 1259 1440 sudeS,
1287 1365 1588 1442 furcasque
1616 1366 1900 1442 bicornes,

390 1443 625 1501 Viribus
653 1444 794 1502 eniti
821 1463 1081 1521 quarum,
1112 1451 1171 1502 et
1196 1452 1569 1502 contemnere
1596 1454 1800 1504 ventos

388 1523 759 1596 Assuescaut,
788 1540 1158 1601 summasque
1186 1522 1353 1599 sequi
1381 1522 1634 1581 tabulata
1658 1542 1763 1601 per
1787 1523 1997 1582 ulmos.

467 1603 579 1676 Ac,
608 1601 747 1658 dum
774 1601 960 1678 prima
986 1601 1150 1659 novis
1179 1601 1458 1660 adolescit
1481 1600 1779 1660 frondibus
1806 1610 1965 1677 aeteS,

388 1679 750 1738 Parcendum
779 1680 1028 1738 teneris:
1073 1691 1133 1738 et
1157 1679 1295 1737 dum
1326 1699 1389 1737 se
1416 1679 1582 1738 laetus
1610 1682 1680 1738 ad
1711 1700 1875 1739 auras

387 1757 623 1815 Palmes
651 1758 786 1833 agit,
815 1758 961 1816 laxis
988 1778 1091 1835 per
1115 1778 1322 1835 purum
1350 1759 1645 1816 immissus
1672 1760 1933 1834 habeam,

391 1836 526 1912 Ipsa
553 1834 675 1894 acie
704 1837 957 1894 nondum
985 1837 1147 1894 falcis
1175 1838 1485 1910 tentanda3
1528 1839 1631 1896 sed
1659 1839 1826 1896 uncis

389 1914 708 1991 Carpendae
737 1915 1000 1973 manibus
1026 1915 1275 1991 frondeS,
1304 1917 1565 1992 interque
1592 1916 1875 1992 legendae.

391 1994 536 2050 Inde
564 1993 662 2051 ubi
681 1996 804 2071 jam
833 1995 1037 2053 validis
1065 1994 1346 2071 amplexae
1377 1995 1646 2072 stirpibus
1674 1995 1860 2053 ulmos

389 2071 676 2145 Exierint,
705 2081 824 2130 tum
853 2073 1065 2150 stringe
1092 2092 1306 2148 comas,
1336 2081 1456 2131 tum
1486 2074 1720 2132 brachia
1744 2075 1957 2147 tonde;

390 2147 549 2210 Ante
579 2152 945 2211 reformidant
969 2152 1181 2210 ferrum
1205 2172 1218 2210 ε
1264 2162 1385 2211 tum
1413 2154 1663 2230 denique
1691 2154 1833 2211 dura

389 2230 620 2288 Exerce
645 2231 901 2307 imperia,
932 2240 991 2290 et
1007 2243 1203 2288 ’ramos
1231 2250 1536 2307 compesce
1564 2232 1826 2290 fluentes.

467 2310 765 2372 Texendae
794 2330 961 2387 sepes
990 2310 1186 2385 etiam,
1217 2318 1276 2367 et
1301 2329 1480 2387 pecus
1508 2329 1680 2367 omne
1707 2309 2039 2383 tenendum,

389 2386 687 2466 Praecipue
718 2389 854 2446 dum
880 2389 1035 2447 frons
1062 2398 1260 2447 tenera
1286 2389 1734 2466 imprudensque
1761 2387 2020 2446 laborum
2043 2407 2056 2445 ε

390 2466 522 2541 Cui,
551 2486 723 2545 super
747 2467 1012 2543 indignas
1037 2468 1282 2542 hiemes,
1313 2468 1608 2545 solemque
1635 2477 1953 2545 potentem,

392 2545 692 2604 Silvestres
720 2546 806 2603 uri
834 2543 1061 2606 assidue
1091 2566 1429 2624 capreaeque
1456 2566 1732 2625 sequaces

391 2623 683 2698 Illudunt;
725 2633 1037 2702 pascuntur
1063 2645 1219 2702 oves,
1251 2628 1548 2703 avidaeque
1569 2629 1858 2705 juvencas.

390 2703 626 2778 Frigora
651 2723 759 2762 nec
786 2700 1007 2762 tantum
1037 2705 1181 2762 canii
1207 2715 1475 2763 concreta
1500 2706 1723 2783 pruina,
1773 2741 1788 2764 ι

388 2785 510 2839 Aut
534 2783 720 2857 gravis
747 2782 1086 2840 incumbens
1113 2783 1364 2861 scopulis
1394 2784 1683 2843 arentibus
1711 2792 1899 2857 aestas,
1968 2853 1972 2858 .

393 2858 688 2931 Quantum
715 2860 798 2921 illi
827 2859 1077 2919 nocuere
1104 2881 1325 2939 greges,
1355 2863 1597 2939 durique
1624 2881 1913 2920 venenum

390 2940 617 3016 DentiS,
648 2949 706 2998 et
732 2941 992 2998 admorso
1018 2941 1244 3016 signata
1269 2943 1329 2999 in
1357 2941 1533 3018 stirpe
1561 2941 1818 3000 cicatrix.

468 3019 604 3077 Non
634 3019 803 3077 aliam
832 3019 905 3077 ob
933 3019 1162 3096 culpam
1190 3020 1425 3078 Baccho
1453 3038 1624 3097 caper
1649 3018 1917 3077 omnibus
1943 3016 2055 3077 aris

391 3097 664 3173 Caeditur,
694 3113 752 3156 et
777 3109 1002 3157 veteres
1028 3098 1231 3156 incunt
1254 3099 1558 3175 proscenia
1583 3099 1742 3171 ludi;

390 3176 749 3253 Praemiaque
775 3177 1043 3252 ingeniis,
1070 3196 1249 3253 pagos
1278 3185 1337 3233 et
1363 3178 1611 3253 compita
1638 3177 1872 3251 circum,

391 3255 662 3313 Thesidae
690 3253 956 3333 posuere,
987 3263 1157 3332 atque
1184 3255 1332 3312 inter
1349 3256 1565 3349 pocula
1588 3255 1708 3313 laeti

389 3333 667 3393 Mollibus
694 3334 754 3392 in
782 3333 957 3411 pratis
984 3342 1189 3392 unctos
1216 3333 1440 3391 saluere
1465 3353 1569 3411 per
1594 3340 1768 3391 utres.

388 3412 521 3472 Nec
546 3433 662 3472 non
692 3413 955 3487 Ausonii,
980 3414 1163 3491 Trojfi
1190 3431 1331 3488 gens
1357 3412 1553 3487 missa,
1582 3410 1774 3469 coloni

388 3490 668 3551 Versibus
696 3492 1001 3569 incomptis
1027 3492 1251 3566 ludunt,
1281 3491 1512 3566 risuque
1540 3488 1744 3563 soluto,

390 3570 619 3648 Oraque
646 3572 955 3631 corticibus
983 3579 1216 3629 sumunt
1240 3568 1526 3627 horrenda
1553 3568 1801 3627 cavatis:

387 3650 471 3709 Et
495 3659 573 3724 te,
602 3651 856 3725 Bacche,
884 3660 1096 3709 vocant
1119 3670 1224 3727 per
1250 3648 1504 3707 carmina
1528 3647 1680 3724 laeta,
1706 3646 1926 3724 tibique

390 3728 609 3789 Oscilla
636 3750 711 3789 ex
739 3729 854 3788 alta
880 3731 1240 3806 suspendunt
1267 3726 1466 3785 mollia
1491 3727 1649 3804 pinu.

388 3807 549 3868 Hinc
576 3809 764 3868 omnis
791 3808 947 3886 largo
974 3808 1240 3886 pubescit
1264 3807 1438 3865 vinea
1464 3804 1640 3879 foetu;

2234 666 2351 721 350

2231 1056 2348 1111 355

2232 1448 2348 1502 360

2230 1841 2347 1895 365

2228 2233 2345 2289 370

2228 2628 2343 2683 375

2229 3799 2344 3854 390
