2717 4300
342 315 415 371 3}
889 314 895 319 ”
1044 313 1617 370 GEORGICORUM

344 445 660 538 Exercete,
685 461 814 539 viri,
843 471 1056 537 tauros,
1083 463 1255 521 serite
1280 463 1499 521 hordea
1525 461 1767 540 campis,

345 542 549 618 Usque
575 540 685 600 sub
712 549 1038 600 extremum
1068 541 1286 598 bruniae
1314 540 1690 601 intractabilis
1716 540 2004 614 imbrem3

345 619 477 679 'Nec
505 639 621 677 non
649 619 843 678 etlini.
859 627 1116 695 segetem
1146 626 1207 677 et
1231 618 1480 677 Cereale
1504 637 1760 711 papaver

345 698 611 775 Tempus
637 698 818 756 humo
839 706 1054 773 tegere,
1083 706 1142 755 et
1158 697 1509 775 jamdudum
1534 682 1873 755 incumbere
1898 697 2112 773 rastris,

344 776 504 834 Dum
533 776 687 834 sicca
716 775 920 834 tellure
945 775 1105 850 licet,
1132 777 1272 833 dum
1294 775 1500 833 nubila
1524 776 1797 854 pendent.

423 855 581 912 Vere
607 853 753 912 sabis
780 854 961 912 satio:
1003 862 1128 912 tum
1155 862 1214 911 te
1240 870 1501 931 quoque,-
1519 854 1769 929 medica,
1794 862 1991 934 putres

344 931 662 1010 Accipiunt
687 932 851 1007 sulci,
879 940 940 991 et
964 932 1124 990 milio
1149 933 1312 995 venit
1338 942 1534 990 annua
1557 951 1716 1007 cura,

345 1010 646 1069 Candidus
673 1011 885 1071 auratis
912 1011 1094 1088 aperit
1119 1030 1299 1088 quum
1326 1010 1597 1069 corn‘ibus
1625 1030 1844 1069 annum

345 1088 590 1164 Taurus,
620 1097 679 1148 et
704 1107 902 1162 averso
929 1089 1143 1147 cedens
1168 1089 1350 1147 Canis
1378 1089 1594 1147 occidit
1618 1097 1786 1147 astro.

423 1169 505 1239 At
529 1167 578 1225 si
606 1167 889 1225 triticeam
917 1168 1258 1227 inmessem
1285 1166 1633 1244 robustaque
1660 1167 1809 1226 farra

345 1245 675 1305 Exercebis
696 1246 956 1321 humum,
986 1245 1243 1323 solisque
1266 1245 1508 1304 instabis
1534 1245 1719 1305 aristis
1739 1265 1760 1320 ;
1811 1304 1818 1309 .

346 1321 502 1381 Ante
531 1325 635 1382 tibi
663 1325 809 1382 Eoae
837 1324 1162 1382 Atlantides
1191 1323 1631 1399 abscondantur,
1730 1325 1752 1381 s

349 1401 683 1479 Gnosiaque
711 1403 961 1461 ardentis
987 1403 1231 1461 decedat
1256 1403 1423 1460 stella
1450 1402 1715 1476 Coronae,

346 1480 563 1539 Debita
589 1478 763 1558 quam
792 1479 970 1538 sulcis
998 1481 1324 1538 committas
1351 1478 1594 1555 semina,
1620 1478 1913 1558 quamque

349 1557 555 1616 Invitae
582 1577 858 1636 properes
887 1558 1022 1619 anni
1046 1577 1211 1634 spem
1241 1559 1478 1616 credere
1505 1567 1690 1616 terrae.

346 1636 525 1694 Multi
554 1644 686 1695 ante
713 1655 986 1695 occasum
1015 1635 1193 1694 Maiae
1223 1634 1455 1712 coepere
1479 1656 1493 1693 ε
1536 1637 1641 1695 sed
1667 1636 1797 1695 illos

347 1711 675 1790 Expectata
702 1733 868 1789 seges
894 1713 1058 1773 vanis
1085 1715 1258 1772 elusit
1284 1714 1489 1772 aristis.
1785 1754 1788 1757 -

429 1793 492 1850 Si
520 1789 656 1849 vero
683 1792 1011 1871 viciamque
1038 1812 1194 1851 seres
1220 1792 1519 1870 vilemque
1545 1791 1812 1870 faselum,

346 1869 410 1929 N
412 1888 480 1928 ec
507 1870 832 1929 Pelusiacae
859 1889 1058 1929 curam
1087 1870 1467 1948 aspernabere
1494 1871 1700 1945 lentis3
1852 1904 1862 1913 ·

349 1949 523 2007 Haud
553 1948 799 2007 obscura
824 1950 1038 2008 cadens
1066 1949 1257 2008 mittet
1281 1948 1386 2007 tibi
1414 1950 1578 2026 signa
1603 1950 1821 2008 Bootes
1840 1954 1882 2008 τ’

349 2026 571 2102 Incipe,
601 2036 660 2085 et
684 2028 758 2087 ad
785 2028 1005 2086 medias
1032 2036 1352 2086 sementem
1382 2028 1631 2086 extende
1657 2029 1912 2105 pruinas.
1973 2083 1983 2086 Α

411 2105 652 2165 Idcirco
681 2107 853 2171 certis
880 2107 1207 2165 dimensum
1276 2105 1490 2165 artibus
1517 2105 1717 2166 orbem

345 2183 463 2242 Per
488 2185 754 2243 duodena
778 2186 924 2260 regit
950 2187 1152 2245 mundi
1178 2205 1206 2244 s
1293 2204 1504 2244 aureus
1531 2194 1698 2244 astra.

350 2261 625 2341 Quinque
652 2272 853 2323 tenent
877 2263 1091 2323 coelum
1118 2282 1321 2337 zonae3
1364 2283 1606 2341 quarum
1631 2282 1747 2322 una
1772 2280 2018 2324 corusco

244 2360 248 2364 <
348 2340 595 2417 Semper
619 2342 742 2400 sole
768 2336 982 2401 rubens
1007 2350 1068 2401 et
1092 2342 1305 2401 torrida
1328 2360 1562 2418 semper
1587 2340 1658 2399 ab
1686 2341 1844 2417 igni:

349 2418 542 2488 Quam
571 2419 787 2479 circum
815 2428 1090 2478 extremae
1118 2420 1320 2480 dexua
1345 2419 1610 2495 laevaque
1635 2419 1940 2479 trahuntur

346 2496 613 2555 Caeruled
640 2497 827 2574 glacie
853 2506 1138 2555 concretae
1166 2506 1336 2575 atque
1364 2496 1645 2555 imbribus
1672 2497 1844 2558 atris:

344 2574 472 2632 Has
500 2575 650 2633 inter
674 2575 1061 2652 mediamque,
1090 2576 1220 2634 dure
1248 2574 1583 2633 mortalibus
1609 2575 1779 2651 oegris

344 2652 595 2710 Munere
623 2671 918 2711 concessae
947 2652 1184 2727 divfim3
1224 2653 1322 2711 via
1345 2661 1509 2711 secta
1531 2671 1639 2730 per
1664 2653 1885 2731 ambas,

346 2729 630 2807 Obliquus
657 2731 772 2807 qua
801 2751 864 2789 se
891 2731 1181 2807 signorum
1208 2741 1460 2799 verteret
1484 2732 1644 2789 ordo.

343 2808 626 2882 Mundus,
654 2817 722 2868 ut
748 2810 819 2870 ad
851 2810 1151 2887 Scythiam
1179 2810 1574 2887 Rhipaeasque
1602 2810 1816 2869 arduus
1842 2830 2003 2871 arces

343 2887 672 2963 Consurgit,
699 2887 981 2965 prem-itur
1007 2888 1210 2965 Libyae
1238 2890 1498 2947 devexus
1523 2888 1585 2946 in
1613 2896 1853 2949 austros.

344 2965 463 3023 Hic
490 2969 692 3024 v'ertex
720 2966 887 3025 nobis
915 2983 1147 3045 semper
1172 2967 1439 3026 sublimis
1464 2987 1477 3025 ε
1521 2976 1579 3025 at
1604 2967 1771 3026 illum

345 3043 468 3102 Sub
494 3044 739 3121 pedibus
769 3045 915 3122 Styx
930 3053 1060 3104 ‘atra
1083 3046 1260 3121 videt,
1289 3046 1617 3124 Manesque
1642 3046 1931 3124 profundi·-

342 3123 643 3182 Maximus
671 3122 767 3182 hic
792 3124 950 3181 flexu
979 3125 1215 3183 sinuoso
1239 3125 1491 3184 'elabitur
1512 3126 1737 3201 Anguis

343 3200 598 3278 Circum,
625 3221 848 3281 perque
874 3204 1017 3269 duas
1044 3202 1104 3260 in
1131 3224 1350 3268 morem
1379 3203 1635 3262 fluminis
1661 3205 1891 3278 Arctos,

340 3282 548 3339 Arctos
575 3283 778 3340 oceani
806 3290 1129 3341 metuentes
1154 3302 1384 3360 aequore
1412 3282 1493 3341 tin
1538 3283 1552 3297 ⁰
1578 3302 1614 3339 :t

343 3358 493 3433 Illic,
520 3367 585 3417 ut
608 3361 934 3436 perhibent,
964 3370 1062 3420 aut
1087 3361 1434 3440 intempesta
1458 3361 1504 3419 s'
1531 3369 1590 3429 et
1614 3378 1734 3418 nox

344 3437 587 3513 Semper
611 3445 672 3495 et
697 3439 932 3499 obtenta
960 3442 1272 3500 densantur
1296 3449 1467 3499 nocte
1494 3437 1786 3512 tenebrae3

342 3517 464 3574 Aut
488 3516 634 3573 redit
660 3535 695 3573 a
719 3517 886 3574 nobis
912 3519 1152 3594 Aurora,
1182 3521 1450 3596 diemque
1476 3515 1734 3590 reducit;
1776 3559 1792 3570 ,

341 3594 583 3671 Nosque
610 3594 710 3652 ubi
736 3595 953 3671 primus
981 3598 1144 3673 equis
1173 3598 1382 3658 Oriens
1409 3595 1622 3655 afflavit
1647 3594 1891 3671 anhelis,

346 3673 475 3731 Illic
505 3692 631 3731 sera
656 3672 868 3732 rubens
896 3675 1163 3733 accendit
1188 3676 1410 3744 lumina
1433 3675 1682 3752 Vesper.

423 3752 584 3809 Hinc
610 3759 981 3828 tempestates
1008 3752 1184 3811 dubio
1209 3756 1554 3830 praediscere
1582 3753 1732 3812 coelo
1765 3803 1778 3807 ,

344 3830 679 3907 PossumuS,
707 3828 846 3890 hinc
872 3831 1205 3908 messisque
1220 3833 1412 3908 diem,
1425 3833 1773 3911 tempusque
1799 3832 2066 3908 serendi3

2188 467 2306 523 210

2187 859 2304 914 215

2187 1252 2305 1306 220

2186 2033 2330 2088 230¹

2182 2816 2302 2872 240

2180 3208 2299 3263 245
