2717 4300
337 339 449 395 248
1150 331 1538 393 AENEIDOS·
1621 358 1627 364 ·

338 487 697 547 Tercentum
724 486 1004 568 adjiciunt
1037 483 1233 563 (mens
1259 486 1527 545 omnibus
1552 504 1670 543 una
1694 483 2036 579 sequendi)

342 566 463 637 Qui
490 567 717 625 Caerete
744 567 938 640 domo,
966 564 1065 641 qui
1091 572 1226 622 sunt
1250 565 1576 623 Minionis
1560 583 1622 622 m
1650 565 1816 641 arvis,

339 644 427 702 Et
447 644 623 722 Pyrgi
647 652 893 718 veteres,
920 643 1399 720 intempestaeque
1428 643 1737 704 Graviscae.

418 723 556 781 Non
586 742 695 798 ego
721 730 800 797 te,
828 722 1108 797 Ligurum
1136 722 1340 779 ductor
1367 721 1671 779 fortissime
1696 719 1870 795 bello,
1983 769 1988 774 .
2058 740 2065 746 ·

341 799 714 874 Transierim‚
745 800 993 876 Cinyra·
977 840 995 873 ,
1039 807 1098 857 et
1121 799 1322 875 paucis
1349 799 1618 857 comitate
1645 798 1908 875 Cupavo,

341 878 527 955 Cujus
559 879 794 936 olorinae
820 885 1059 953 surgunt
1085 878 1159 934 de
1183 877 1403 935 vertice
1428 894 1669 969 pennae:

342 956 579 1013 Crimen
608 975 767 1014 amor
790 961 1064 1030 vestrum,
1093 953 1448 1032 formaeque
1433 956 1657 1031 insigne
1681 962 1968 1031 paternae·
1950 998 1969 1029 ,

340 1034 612 1110 Namque
640 1033 831 1092 ferunt
856 1035 1014 1092 luctu
1042 1034 1304 1110 Cycnum
1334 1033 1716 1092 Phaethontis
1741 1033 1934 1109 amati,

341 1112 631 1187 Populeas
656 1113 807 1170 inter
830 1113 1060 1171 frondes
1085 1111 1460 1188 umbramque
1487 1129 1778 1169 sororum·

340 1190 502 1248 Dum
529 1190 700 1265 canit,
729 1200 789 1249 et
814 1200 1082 1248 moestum
1109 1189 1274 1248 musa
1300 1190 1516 1247 solatur
1542 1207 1813 1265 amorem,

342 1268 666 1327 Canentem
695 1268 855 1326 molli
880 1268 1079 1346 pluma
1105 1269 1341 1325 duxisse
1370 1276 1683 1342 senectam,

340 1346 735 1423 Linquentem
763 1356 957 1421 terras,
985 1356 1045 1405 et
1070 1346 1259 1404 sidera
1281 1364 1428 1404 voce
1456 1353 1808 1422 sequentem.

341 1424 547 1501 Filius,
577 1425 827 1502 aequales
853 1425 1155 1492 comitatus
1182 1424 1366 1482 classe
1394 1431 1669 1499 catervas,
1705 1475 1712 1479 .

342 1501 648 1579 Ingentem
676 1504 849 1561 remis
870 1504 1227 1561 Centaurum
1253 1509 1587 1578 promovet:
1629 1502 1729 1560 ille

343 1578 527 1640 Instat
551 1600 731 1658 aquae,
760 1599 1080 1657 saxumque
1106 1580 1319 1638 undis
1302 1598 1555 1640 immane
1581 1580 1832 1640 minatur

341 1659 594 1734 Arduus,
623 1667 683 1717 et
706 1659 880 1733 longa
906 1659 1089 1716 sulcat
1116 1658 1294 1716 maria
1320 1658 1435 1715 alta
1460 1658 1670 1718 carina.
1908 1725 1912 1730 ,

422 1736 530 1794 Ille
557 1737 949 1813 etiampatriis
975 1755 1180 1813 agmen
1209 1736 1324 1800 ciet
1351 1736 1551 1795 Ocnus
1578 1736 1649 1794 ab
1676 1736 1809 1812 oris,

343 1813 625 1873 Fatidicae
655 1815 894 1872 Mantus
921 1823 982 1874 et
1007 1815 1185 1872 Tusci
1213 1815 1366 1872 filius
1394 1814 1597 1890 amnis,

345 1892 465 1963 Qui
492 1912 684 1951 muros
711 1893 1022 1970 matrisque
1050 1893 1210 1951 dedit
1234 1894 1358 1968 tibi,
1388 1891 1651 1969 Mantua,
1678 1910 1925 1951 nomen:

343 1970 589 2030 Mantua
614 1971 776 2029 dives
804 1973 943 2047 avis,
973 1972 1074 2030 sed
1101 1990 1217 2028 non
1244 1990 1428 2047 genus
1456 1972 1725 2040 omnibus
1753 1990 1934 2029 unum

345 2048 506 2107 Gens
533 2050 618 2108 illi
643 2050 872 2127 triplex,
896 2049 1099 2128 populi
1125 2050 1231 2108 sub
1259 2059 1431 2125 gente
1457 2050 1748 2127 quaterni·
1734 2093 1750 2122 ,

344 2126 482 2263 {psa
507 2136 678 2207 caput
703 2122 966 2222 populis:
1011 2129 1206 2187 Tusco
1233 2130 1307 2187 de
1334 2130 1614 2205 sanguine
1640 2129 1808 2188 vires.

408 2225 502 2265 inc
528 2227 760 2286 quoque
787 2209 1131 2284 quingentos
1157 2208 1217 2265 in
1245 2228 1309 2266 se
1336 2209 1667 2267 Mezentius
1696 2212 1893 2283 armat,

347 2284 510 2355 Quos
537 2294 697 2364 patre
725 2287 983 2362 Benaco,
1010 2284 1237 2345 velatus
1263 2287 1540 2345 arundine
1569 2286 1792 2362 glauca,

342 2363 605 2423 Mincius
631 2365 840 2423 infesta
866 2364 1155 2424 ducebat
1138 2384 1200 2422 ιιι
1228 2384 1458 2441 aequora
1482 2366 1641 2441 pinu.
1781 2392 1784 2395 ·

346 2442 401 2500 It
427 2444 615 2518 gravis
642 2444 931 2519 Aulestes,
961 2445 1323 2519 centenaque
1351 2443 1551 2502 arbore
1577 2443 1784 2502 fluctus

343 2520 629 2580 Verberat
654 2540 995 2598 assurgens,
1039 2530 1309 2597 spumant
1333 2522 1482 2580 vada
1507 2540 1788 2579 marmore
1812 2538 1999 2580 verso.

345 2598 521 2657 Hunc
547 2600 755 2658 vehit
739 2601 1006 2658 immanis
1033 2600 1256 2673 Triton,
1287 2607 1346 2656 et
1372 2599 1592 2657 caerula
1609 2599 1832 2658 concha

343 2677 662 2735 Exterrens
688 2677 865 2735 freta·
909 2684 1005 2735 cui
1032 2677 1272 2735 laterum
1300 2685 1470 2734 tenus
1496 2677 1725 2753 hispida
1750 2676 1911 2737 nanti

343 2755 531 2812 Frons
557 2747 857 2813 hominem
883 2754 1176 2830 praefert,
1159 2774 1218 2811 ιιι
1246 2755 1449 2831 pristin
1478 2755 1689 2815 desinit
1715 2755 1896 2832 alvus,

346 2833 603 2909 Spumea
627 2832 905 2891 semifero
919 2831 1029 2890 sub
1054 2841 1287 2909 pectore
1314 2842 1631 2891 murmurat
1655 2835 1830 2893 unda.

343 2910 461 2969 Tot
486 2911 622 2970 lecti
689 2929 914 2969 roceres
938 2919 1028 2969 ter
1053 2912 1219 2969 denis
1246 2911 1492 2969 navibus
1517 2912 1678 2971 ibant

347 2989 617 3050 Subsidio
703 2991 860 3067 rojae,
890 2998 950 3048 et
974 3008 1223 3067 campos·
1239 2990 1371 3048 salis
1400 3009 1514 3049 aere
1541 2992 1842 3050 secabant.-

418 3069 665 3161 Jamque
692 3068 816 3125 dies
844 3068 992 3126 coelo
1018 3077 1398 3143 concesserat,
1427 3070 1693 3146 almaque
1719 3088 1889 3128 curru

341 3147 406 3207 N
407 3147 668 3225 octlvago
697 3145 920 3205 Phoebe
940 3148 1205 3205 medium
1231 3147 1497 3224 pulsabat
1509 3148 1853 3240 Olympum.
1943 3186 1950 3195 ,

343 3218 580 3302 AEneas,
609 3243 797 3303 neque
825 3226 981 3284 enim
1009 3227 1280 3284 membris
1306 3226 1406 3283 dat
1430 3246 1566 3285 cura
1591 3227 1864 3303 quietem,

343 3302 479 3382 Ipse
507 3306 716 3364 sedens
743 3305 1086 3381 clavumque
1114 3305 1260 3380 regit
1283 3304 1545 3383 velisque
1572 3304 1868 3375 ministrat.

341 3383 536 3460 Atque
563 3383 668 3459 illi,
693 3384 885 3443 medio
911 3385 971 3442 in
1002 3383 1204 3460 spatio,
1232 3383 1447 3441 chorus
1474 3402 1613 3441 ecce
1641 3402 1873 3442 suarum

344 3461 611 3520 Occurrit
636 3463 932 3539 comitum,
948 3462 1277 3539 'Nymphae‚
1307 3482 1448 3538 quas
1477 3462 1627 3519 alma
1653 3461 1895 3538 Cybebe

342 3539 583 3599 Numen
610 3540 826 3599 habere
854 3543 1042 3615 maris,
1073 3540 1493 3617 Nymphasque
1521 3559 1555 3597 e
1582 3539 1826 3600 navibus
1843 3559 2001 3620 esse,

341 3617 635 3677 Jusserat.
679 3619 957 3677 innabant
979 3621 1208 3696 pariter,
1235 3619 1560 3695 fluctusque
1587 3620 1879 3697 secabant,

346 3697 505 3768 Quot
530 3693 689 3774 prius
718 3705 905 3754 aeratae
932 3705 1213 3769 steterant
1239 3697 1309 3754 ad
1338 3697 1528 3755 littora
1552 3715 1753 3774 prorae.

343 3776 685 3850 Agnoscunt
710 3771 884 3848 longe
912 3792 1127 3846 regem,
1155 3775 1510 3850 lustrantque
1538 3776 1782 3835 choreis.

345 3852 605 3924 Quarum
633 3868 764 3928 quoe
791 3850 949 3915 fandi
975 3850 1308 3908 doctissima
1334 3850 1728 3932 Cymodocea,

2189 724 2300 779 185

2188 1115 2297 1169 190

2188 1505 2299 1560 195

2183 1896 2298 1949 200

2184 2681 2300 2735 210

2187 3075 2302 3129 215

2186 3467 2303 3521 220

2187 3860 2304 3915 225
