2717 4300
225 298 232 303 ’
337 322 444 399 174
733 354 738 359 -
1128 312 1496 381 AENEmos

332 469 639 548 Reliquias
665 467 802 526 vino
818 473 890 524 -et
913 464 1174 523 bibulam
1201 460 1398 521 lavere
1425 459 1701 539 favillam,

339 549 602 625 Ossaque
628 547 783 604 lecta
808 544 954 602 cado
980 543 1125 602 texit
1151 543 1474 618 Corynaeus
1502 539 1709 599 aheno.

338 625 505 686 Idem
532 633 619 684 ter
644 624 830 682 socios
857 621 1004 698 pura
1027 620 1376 678 circumtulit
1400 619 1579 693 undfi,

341 704 627 781 Spargens
655 719 782 759 rore
810 700 927 758 levi
954 707 1014 757 et
1039 719 1197 759 ramo
1223 697 1412 755 felicis
1441 696 1630 771 olivae,
2192 702 2310 756 230

336 781 630 840 Lustravit
668 798 743 836 ue
769 778 942 853 viros,
972 777 1234 853 dixitque
1261 775 1577 845 novissima
1601 773 1797 833 verba.

336 861 419 917 At
441 860 573 936 pius
681 875 819 914 neas
845 856 1066 932 ingenti
1092 854 1245 913 mole
1265 853 1602 931 'sepulcrum
1692 870 1699 875 ²

339 937 612 1014 Imponit,
641 954 857 1011 suaque
885 953 1044 993 arma
1069 934 1211 1008 viro,
1241 950 1601 1007 remumque,
1629 929 1969 1008 tubamque,

337 1015 548 1073 Monte
582 1013 690 1071 sub
721 1013 897 1088 aetio,
926 1013 1026 1089 qui
1052 1031 1208 1075 nunc
1237 1011 1506 1081 Misenus
1539 1009 1610 1069 ab
1638 1009 1739 1069 illo

337 1090 589 1167 Dicitur,
620 1098 1013 1168 aeternumque
1040 1097 1202 1147 tenet
1228 1108 1332 1166 per
1358 1087 1572 1146 saecula
1596 1106 1833 1151 nomen.
2189 1092 2307 1146 235

419 1171 532 1228 His
561 1170 724 1243 actis,
753 1166 1000 1246 propere
1025 1168 1365 1245 exsequitur
1388 1175 1684 1243 praecepta
1714 1164 1972 1243 Sibyllae.

340 1248 634 1326 Spelunca
661 1247 773 1305 alta
799 1246 924 1323 fuit,
952 1256 1234 1322 vastoque
1263 1245 1532 1313 immanis
1558 1244 1741 1320 hiatu,
1804 1310 1807 1313 Ἴ

340 1327 620 1404 Scrupea,
647 1333 772 1383 tuta
796 1325 926 1383 lacu
953 1326 1118 1399 nigro
1145 1342 1567 1399 nemorumque
1594 1322 1869 1399 tenebris,

340 1405 536 1476 Quam
563 1423 736 1480 super
760 1403 920 1461 haud
947 1402 1080 1460 ullae
1107 1409 1377 1478 poteraut
1400 1398 1639 1478 impune
1666 1401 1929 1461 volantes

337 1482 608 1540 Tendere
637 1483 746 1540 iter
769 1482 996 1559 pennis,
1024 1481 1154 1538 talis
1182 1499 1310 1537 sese
1338 1479 1555 1541 halitus
1584 1479 1718 1537 atris
2189 1483 2307 1538 240

336 1559 630 1618 Faucibus
658 1559 962 1617 effundens
983 1577 1191 1634 supera
1217 1557 1290 1614 ad
1312 1556 1847 1630 convexa-ferebam

346 1636 551 1713 [Unde
578 1638 771 1694 locum
800 1637 961 1695 Graii
989 1637 1259 1694 dixerunt
1283 1636 1520 1693 nomine
1547 1637 1839 1714 Aornon.]

339 1715 604 1787 Quatuor
629 1714 726 1773 hic
754 1711 1003 1792 primum
1030 1715 1322 1790 nigrantes
1347 1721 1509 1790 terga
1524 1716 1809 1792 juvencos

336 1793 669 1868 Constituit,
698 1793 983 1870 frontique
1011 1792 1258 1869 invergit
1283 1791 1433 1853 vina:
1447 1792 1753 1851 sacerdos:

335 1870 419 1930 Et
444 1890 697 1929 summas
725 1891 966 1949 carpens
994 1872 1188 1929 media
1214 1870 1364 1928 inter
1390 1890 1609 1928 cornua
1630 1882 1806 1947 setas,
2189 1877 2305 1931 245

337 1948 576 2024 Ignibus
602 1950 849 2027 imponit
873 1950 1067 2025 sacriS,
1097 1949 1374 2007 libamina
1398 1949 1601 2025 prima,
1942 1976 1947 1979 ·

335 2027 502 2086 Voce
528 2048 743 2087 vocans
771 2029 1057 2103 Hecaten,
1085 2027 1348 2103 coeloque
1378 2027 1685 2103 Ereboque
1711 2034 2027 2105 potentem.

338 2106 685 2184 Supponunt
711 2107 807 2166 alii
834 2107 1066 2182 cultros,
1096 2107 1472 2185 tepidumque
1500 2125 1761 2165 cruorem

277 2193 284 2196 ⁴
339 2186 674 2264 Suscipiunt
701 2187 931 2263 pateris·
1018 2187 1154 2263 lpse
1182 2186 1287 2245 atri
1314 2186 1544 2243 velleris
1573 2204 1780 2264 agnam
2382 2251 2391 2258 ,

332 2264 557 2323 AEneas
585 2266 754 2323 matri
781 2266 1200 2339 Eumenidum,
1225 2284 1569 2341 magnaeque
1596 2265 1793 2340 sorori,
2189 2269 2304 2322 250

334 2342 499 2401 Ense
525 2343 689 2417 ferit;
732 2344 1103 2421 sterilemque
1131 2344 1254 2417 tibi,
1283 2344 1648 2420 Proserpina,
1679 2362 1934 2402 vaccam.

334 2419 491 2479 Tum
522 2423 722 2499 Stygio
750 2422 873 2496 regi
899 2430 1210 2479 nocturnas
1238 2421 1476 2480 inchoat
1503 2440 1646 2496 arae,

332 2497 417 2557 Et
442 2500 626 2559 solida
651 2501 898 2576 imponit
923 2513 1214 2558 taurorum
1242 2500 1466 2559 viscera
1491 2499 1756 2574 flammis,

331 2574 559 2655 Pingue
588 2574 763 2655 super
788 2579 981 2636 oleum
1010 2578 1321 2635 infundens
1350 2578 1683 2644 ardentibus
1711 2578 1880 2635 extis.

413 2655 579 2714 Ecce
607 2664 820 2731 autem,
848 2656 1018 2732 primi
1046 2656 1152 2713 sub
1181 2656 1403 2713 lumina
1429 2656 1567 2716 solis
1592 2665 1650 2714 et
1671 2664 1849 2731 ortus,
2187 2661 2302 2716 255

334 2734 455 2792 Sub
481 2734 727 2810 pedibus
756 2734 979 2809 mugire
1008 2734 1213 2806 solum,
1244 2741 1302 2790 et
1320 2735 1469 2811 juga
1494 2743 1684 2811 coepta
1711 2734 1931 2794 moveri

333 2812 642 2889 Silvarum,
668 2812 925 2888 visaeque
952 2831 1126 2880 canes
1153 2811 1375 2870 ululare
1401 2832 1505 2889 per
1530 2813 1813 2888 umbram,

329 2891 697 2950 Adventante
724 2891 852 2948 dea.
935 2891 1167 2967 Procul,
1197 2912 1251 2967 o,
1279 2891 1480 2968 procul
1508 2900 1649 2969 este,
1677 2892 1920 2970 profani,

330 2970 676 3029 Conclamat
700 2978 879 3044 vateS‚
910 2978 1145 3047 totoque
1174 2970 1429 3029 absistite
1458 2971 1607 3040 luco.

329 3047 540 3126 Tuque
567 3049 776 3108 invade
802 3049 976 3125 viam,
1004 3049 1330 3126 vaginaque
1358 3050 1519 3127 eripe
1545 3050 1762 3112 sermm
1786 3071 1801 3108 τ
2182 3056 2301 3110 260

328 3127 508 3187 Nunc
537 3128 742 3186 animis
768 3147 933 3206 opus,
961 3128 1175 3203 AEnea,
1203 3148 1360 3187 nunc
1387 3137 1620 3205 pectore
1648 3130 1830 3187 fir‘mo.

330 3205 590 3266 Tantum
618 3206 808 3282 effata,
837 3206 1033 3265 furens
1061 3216 1222 3264 antro
1251 3227 1313 3265 se
1339 3208 1583 3267 immisit
1609 3214 1837 3283 aperto:

299 3327 305 3332 -
331 3284 439 3343 Ille
467 3288 675 3345 ducem
701 3285 858 3345 haud
884 3285 1100 3346 timidis
1127 3286 1437 3346 vadentem
1465 3287 1729 3364 passibus
1757 3292 1965 3363 aequat.
2276 3349 2281 3356 f

409 3362 490 3420 Di
519 3365 729 3441 quibus
755 3365 1064 3442 imperium
1087 3369 1182 3424 'est
1208 3366 1549 3441 animarum,
1576 3363 1914 3502 umbraeque
1941 3363 2199 3441 silentes,

329 3440 412 3500 Et
440 3442 655 3517 Chaos,
686 3451 747 3502 et
771 3444 1159 3521 Phlegethon,
1186 3443 1324 3502 loca
1344 3453 1515 3503 necte
1541 3442 1792 3501 tacentia
1839 3440 1954 3520 ate,
2180 3448 2297 3503 265

333 3519 424 3578 Sit
448 3514 593 3578 mihi
618 3520 703 3578 fas
732 3522 927 3581 audita
951 3524 1132 3600 loqui,
1160 3523 1235 3581 sit
1258 3523 1496 3581 numine
1521 3528 1713 3581 vestro
2098 3543 2105 3550 ‘

330 3596 595 3656 Pandere
622 3617 713 3656 res
741 3599 856 3658 alta
881 3602 1031 3659 terra
1058 3609 1118 3660 et
1143 3601 1391 3677 caligine
1416 3619 1650 3659 mersas·

331 3676 503 3735 Ibant
528 3676 759 3735 obscuri
781 3678 905 3735 sola
932 3679 1038 3736 sub
1066 3687 1238 3738 nocte
1263 3697 1369 3756 per
1392 3679 1676 3756 umbram,

330 3755 417 3814 Pe
485 3775 558 3814 ue
586 3755 787 3814 domos
814 3755 969 3813 Ditis
995 3775 1206 3815 vacuas
1234 3765 1294 3816 ct
1315 3757 1512 3815 inania
1531 3776 1746 3834 regna:

333 3775 524 3920 Qulsse
549 3853 657 3913 per
680 3833 958 3892 incertam.
983 3834 1182 3892 lunam
1209 3834 1317 3892 sub
1345 3836 1482 3895 luce
1500 3834 1759 3915 maligna
2177 3840 2295 3893 270
