2717 4300
1175 340 1404 398 LIBER
1442 341 1541 399 IX.
2145 429 2150 433 .
2203 345 2313 405 229

343 490 496 553 Tela
518 500 741 571 gerunt.
825 492 1050 552 Instant
1075 493 1424 551 Mnestheus
1453 512 1699 570 acerque
1730 495 2015 574 Serestus,

344 573 512 645 Quos
536 580 703 650 pater
727 571 971 648 AEneas‚
1001 572 1049 630 si
1077 572 1304 648 quando
1334 573 1574 629 adversa
1602 583 1892 651 vocarent,

342 652 626 710 Rectores
642 650 927 729 juvenum
955 659 1012 709 et
1038 669 1228 708 rerum
1257 650 1419 709 dedit
1445 668 1572 708 esse
1600 652 1916 729 magistros.

346 730 553 789 Omnis
579 748 688 807 per
715 748 906 787 muros
932 729 1087 805 legio
1116 729 1313 788 sortita
1337 729 1618 806 periclum

346 808 638 884 Excubat,
662 817 1009 884 exercetque
1039 808 1214 884 vices,
1244 808 1401 884 quod
1425 808 1634 886 cuique
1660 809 1941 869 tuendum
1968 818 2072 870 est.
2202 816 2310 871 175

422 887 604 946 Nisus
632 894 753 944 erat
775 895 1195 963 portae.custos,
1225 887 1534 945 acerrimus
1557 887 1747 964 armis,

345 964 729 1042 Hyrtacides3
773 965 1046 1023 comitem
1071 964 1283 1023 AEneae
1313 984 1488 1043 quem
1509 966 1750 1026 miserat
1776 967 1883 1026 Ida

344 1042 648 1118 Venatrix,
667 1042 866 1123 jaculo
896 1044 1146 1101 celerem
1172 1042 1514 1121 levibusque
1541 1044 1798 1121 sagittis:
1843 1113 1852 1118 Ἰ

346 1122 428 1180 Et
444 1119 616 1200 juxta
643 1141 838 1180 comes
866 1122 1173 1199 Euryalus,
1201 1142 1315 1199 quo
1341 1123 1634 1200 pulchrior
1661 1124 1804 1182 alter
2281 1171 2290 1180 .

345 1201 485 1261 Non
512 1200 621 1259 suit
643 1200 998 1276 AEneadsim,
1026 1201 1280 1278 Trojana
1304 1220 1497 1277 neque
1524 1202 1714 1262 induit
1739 1222 1935 1276 arma;
2200 1209 2310 1262 180

348 1275 465 1337 Ora
487 1298 631 1356 puer
656 1279 842 1357 prima
868 1280 1099 1355 signans
1126 1280 1351 1338 intonsa
1369 1281 1631 1371 juventii.

348 1358 460 1415 His
489 1376 648 1416 amor
674 1377 823 1416 unus
850 1365 992 1432 erat,
1019 1358 1344 1435 pariterque
1372 1378 1433 1415 m
1459 1358 1615 1416 bella
1639 1359 1917 1435 ruebant;

347 1436 501 1494 Tum
529 1456 755 1515 quoque
784 1437 1078 1494 communi
1103 1445 1324 1514 portam
1352 1436 1596 1494 statione
1622 1438 1915 1498 tenebant.

345 1515 527 1573 Nisus
556 1516 666 1573 ait:
710 1513 868 1573 Dine
895 1515 1052 1573 hunc
1081 1516 1339 1573 ardorem
1369 1516 1658 1574 mentibus
1687 1517 1923 1594 addunt,

346 1594 642 1670 Euryale?
686 1613 759 1652 an
786 1613 895 1652 sua
922 1594 1129 1670 cuique
1158 1595 1302 1652 deus
1329 1594 1395 1652 fit
1423 1595 1544 1652 dira
1570 1596 1825 1673 cupido?
2196 1599 2305 1653 185
2327 1597 2340 1606 “

345 1673 466 1732 Aut
490 1692 762 1750 pugnam,
792 1680 889 1731 aut
916 1673 1131 1750 aliquid
1163 1674 1272 1730 'am
1302 1673 1524 1730 dudum
1551 1674 1827 1734 invadere
1855 1691 2148 1749 magnum,

345 1751 522 1810 Mens
551 1752 726 1828 agitat
752 1751 927 1825 mihi3
970 1771 1080 1809 nec
1104 1693 1334 1829 pllacida
1359 1761 1630 1810 contenta
1655 1755 1851 1830 quiete
1880 1761 1986 1810 est.

347 1831 574 1906 Cernis,
602 1849 729 1908 quae
755 1831 1008 1888 Rutulos
1031 1830 1244 1888 habeat
1269 1830 1481 1888 fiducia
1510 1850 1730 1889 rerum:
2017 1829 2025 1836 ’

347 1910 600 1968 Lumina
624 1928 750 1967 rara
775 1908 1027 1982 micant3
1070 1927 1273 1967 somno
1299 1910 1549 1985 vinoque
1577 1909 1784 1987 sepulti

348 1986 749 2061 Procubuere3
793 1987 965 2046 silent
990 1984 1102 2045 late
1132 1987 1276 2045 loca.
1359 1987 1603 2063 Percipe
1629 1983 1795 2063 porro
2195 1993 2305 2047 190

350 2064 509 2140 ‘Quid
538 2066 816 2141 dubitem,
846 2073 905 2123 et
930 2085 1058 2142 quae
1087 2085 1244 2124 nunc
1273 2066 1463 2122 animo
1492 2065 1776 2123 sententia
1802 2075 2014 2143 surgat.

347 2146 582 2204 AEnean
609 2145 780 2204 acciri
808 2165 1031 2221 omnes,
1060 2143 1425 2223 populusque
1452 2151 1774 2219 patresque,

349 2225 708 2303 Exposcunt,
741 2225 1003 2301 mittique
1031 2224 1182 2280 viros
1211 2222 1311 2296 qui
1341 2230 1497 2277 certa
1523 2231 1829 2297 reportent.

349 2304 414 2361 Si
441 2303 545 2362 tibi
571 2324 701 2380 quae
729 2321 907 2381 posco
934 2300 1287 2379 promittunt,
1319 2318 1454 2356 nam
1481 2298 1626 2356 mihi
1650 2299 1787 2358 facti

348 2384 531 2441 Fama
556 2392 651 2443 sat.
669 2391 773 2457 est,
803 2379 1019 2441 tumulo
1046 2378 1245 2435 videor
1271 2378 1519 2454 reperire
1546 2377 1654 2435 sub
1681 2377 1779 2436 illo
2197 2386 2306 2440 195
2355 2438 2362 2443 .

348 2461 529 2519 Posse
553 2461 704 2518 viam
734 2461 803 2515 ad
831 2477 1023 2515 muros
1052 2467 1110 2515 et
1137 2457 1351 2527 moenia
1376 2456 1690 2529 Pallantea.

348 2540 676 2617 Obstupuit,
708 2556 912 2612 magno
942 2535 1174 2593 laudum
1203 2554 1507 2612 percussus
1537 2555 1749 2609 amore,

350 2618 668 2695 Euryalus3
711 2615 879 2672 simul
908 2614 998 2671 his
1028 2614 1322 2672 ardentem
1352 2613 1556 2672 affatur
1583 2615 1871 2673 amicum':

348 2697 530 2755 Mene
557 2696 727 2771 igitur
753 2694 971 2751 socium
1000 2693 1237 2750 summis
1264 2694 1578 2772 adjungere
1605 2693 1794 2771 rebus,

349 2775 515 2848 Nise,
542 2774 734 2845 fugis?
777 2772 959 2829 solum
992 2781 1048 2830 te
1075 2772 1134 2829 in
1163 2780 1320 2830 tanta
1345 2772 1604 2849 pericula
1627 2773 1893 2832 mittam?
2188 2779 2306 2833 200

347 2852 408 2912 N
414 2872 486 2910 on
515 2854 594 2910 ita
619 2871 711 2910 mc
739 2850 962 2926 genitor
984 2848 1153 2907 bellis
1180 2860 1443 2910 assuetus
1473 2851 1756 2928 Opheltes

348 2931 675 3007 Argolicum
705 2941 974 2998 terrorem
1002 2930 1150 2985 inter
1175 2928 1488 3007 Trojaeque
1514 2930 1737 2988 labores

351 3009 647 3068 Sublatum
677 3008 916 3080 erudiit3
959 3025 1068 3064 nec
1098 3013 1290 3063 tecum
1319 3008 1455 3065 talia
1480 3009 1652 3084 gessi,

350 3088 787 3164 Magnanimum
816 3086 1048 3144 AEnean
1078 3093 1137 3142 et
1160 3083 1276 3142 fata
1300 3095 1558 3144 extrema
1585 3095 1832 3146 secutus.

351 3167 462 3226 Est
485 3165 602 3241 hic,
631 3176 719 3224 est
744 3165 969 3223 animus
997 3163 1145 3221 lucis
1174 3172 1551 3242 contemptor,
1582 3175 1641 3225 et
1667 3167 1839 3224 istum
2189 3169 2305 3223 205

352 3245 472 3317 Qui
499 3245 618 3304 vita
644 3244 794 3302 bene
823 3244 1019 3302 credat
1045 3242 1182 3317 emi,
1210 3238 1324 3318 qud
1354 3244 1561 3317 tendis,
1590 3244 1886 3303 honorem.

349 3325 531 3384 Nisus
559 3323 630 3381 ad
653 3323 814 3381 haec:
859 3322 1148 3398 Equidem
1178 3321 1249 3378 de
1277 3329 1334 3379 te
1360 3321 1442 3378 nil
1471 3323 1584 3381 tale
1611 3323 1867 3397 verebar,

349 3404 482 3462 Nec
509 3403 628 3475 sas3
672 3421 786 3459 non
809 3422 822 3459 τ
865 3401 1063 3459 itame
1092 3399 1297 3458 referat
1323 3401 1429 3458 tibi
1456 3420 1697 3476 magnus
1725 3410 1989 3458 ovantem

345 3482 592 3574 Jupiter,
621 3489 719 3540 aut
743 3479 1088 3557 quicumque
1117 3479 1297 3537 oculis
1323 3478 1452 3536 haec
1481 3480 1723 3556 adspicit
1750 3479 1945 3554 aequis·

355 3561 493 3636 Sed,
521 3580 571 3618 si
597 3559 726 3636 quis
763 3560 924 3636 (quae
952 3559 1131 3615 multa
1157 3557 1319 3616 vides
1348 3558 1677 3615 discrimine
1705 3557 1860 3636 tali),
2191 3561 2304 3615 210
2417 3600 2422 3609 .

355 3640 419 3699 Si
445 3639 573 3717 quis
601 3639 660 3696 in
690 3639 994 3696 adversum
1020 3637 1201 3713 rapiat
1227 3656 1468 3694 casusve
1496 3636 1732 3711 deusve,

353 3719 444 3776 Te
471 3735 772 3795 superesse
799 3716 1010 3774 velim:
1055 3723 1155 3773 tua
1181 3715 1298 3773 vita
1327 3716 1553 3791 dignior
1578 3724 1731 3773 aetas·

355 3797 445 3856 Sit
470 3797 570 3874 qui
596 3814 690 3853 me
718 3803 939 3871 raptum
969 3795 1180 3871 pugna,
1211 3796 1467 3872 pretiove
1497 3794 1875 3872 redemptum,

353 3875 602 3934 Mandet
625 3873 801 3930 humo
829 3871 1035 3945 solita}
1072 3881 1186 3947 aut,
1215 3874 1263 3931 si
1291 3893 1403 3950 qua
1428 3873 1487 3931 id
1515 3873 1737 3932 fortuna
1761 3870 1995 3936 vetabit.
