2717 4300
1170 318 1403 376 LIBER
1439 318 1539 376 VI.
2238 322 2348 380 169

377 471 459 531 At
482 469 615 549 pius
642 465 865 529 AEneas
894 488 1052 529 arces
1079 469 1285 547 quibus
1313 471 1463 529 altus
1490 469 1704 547 Apollo
1777 528 1783 534 ,

377 548 681 626 Praesidet,
710 550 1126 626 horrendasque
1150 549 1350 626 procul
1379 557 1600 606 secreta
1628 547 1887 625 Sibyllae,
2274 553 2346 608 10

377 631 629 687 Antrum
655 627 927 702 immane,
952 628 1137 705 petit3
1179 646 1448 704 magnam
1475 626 1571 684 cui
1599 634 1853 685 mentem
1869 625 2252 701 ,animumque

379 705 587 765 Delius
613 706 852 785 inspirat
875 713 1058 781 vates,
1088 705 1382 782 aperitque
1408 705 1614 763 futura.

376 784 510 843 Jam
536 782 789 843 subeunt
814 783 1030 841 Triviae
1057 783 1220 841 lucos
1249 792 1419 860 atque
1448 802 1620 841 aurea
1640 790 1814 841 tecta.
1888 786 1897 796 ‘

457 862 759 938 Daedalus,
785 870 852 920 ut
875 862 1028 920 fama
1053 869 1159 938 est,
1188 862 1416 939 fugiens
1442 862 1674 921 Minoia
1699 880 1894 939 regna,

379 939 974 1018 Praepetibus‘penuis
1002 960 1173 999 ausus
1201 958 1265 999 se
1293 940 1528 999 credere
1557 939 1727 1017 coelo,
2273 943 2345 999 15

382 1018 689 1078 Insuetum
714 1037 819 1098 per
842 1019 953 1077 iter
977 1019 1197 1095 gelidas
1225 1019 1419 1081 enavit
1445 1018 1518 1077 ad
1546 1020 1771 1094 ArctoS,

381 1097 834 1190 Chalcidicaque
860 1097 1006 1156 levis
1032 1098 1268 1156 tandem
1293 1116 1468 1175 ‘super
1494 1097 1712 1156 adstitit
1736 1116 1886 1157 arce.

378 1176 670 1236 Redditus
696 1175 788 1234 his
813 1173 1066 1253 primum
1093 1177 1276 1251 terris,
1303 1176 1429 1251 tibi,
1457 1174 1703 1251 Phoebe,
1731 1176 1976 1234 sacravit

380 1254 719 1331 Remigium
748 1253 966 1311 alarum
988 1274 1005 1327 3
1048 1254 1354 1331 posuitque
1380 1255 1657 1311 immania
1681 1254 1913 1331 templa.

384 1332 455 1391 In
481 1333 698 1391 foribus
723 1333 906 1391 letum
933 1333 1228 1408 Androgei
1253 1353 1267 1390 :
1311 1340 1434 1390 tum
1459 1332 1713 1410 pendere
1739 1351 1942 1410 poenas
2268 1334 2344 1390 20

383 1412 721 1491 Cecropidae
738 1411 907 1489 Jussi,
938 1412 1246 1469 miserum!
1291 1420 1530 1489 septena
1557 1410 1860 1487 quotannis

380 1486 642 1567 Corpora
666 1499 927 1548 natorum
948 1509 965 1562 ;
1009 1497 1121 1548 stat
1146 1489 1337 1547 ductis
1367 1488 1613 1547 sortibus
1639 1507 1801 1547 urna.

383 1565 603 1627 Contra
631 1568 781 1627 elata
807 1568 952 1625 mari
977 1568 1287 1645 respondet
1314 1568 1535 1626 Gnosia
1561 1567 1750 1626 tellus.

383 1645 503 1704 Hic
530 1646 776 1704 crudelis
805 1666 963 1704 amor
989 1647 1155 1723 tauri,
1183 1643 1571 1726 suppfistaque
1597 1645 1746 1704 furto

382 1723 693 1802 PasiphaE,
722 1726 1079 1802 mixtumque
1106 1745 1310 1801 genus,
1337 1726 1644 1803 prolesque
1672 1723 1928 1782 biformis
2268 1725 2345 1780 25

385 1804 751 1863 Minotaurus
777 1803 946 1879 inest,
975 1804 1226 1862 Veneris
1252 1812 1628 1861 monumenta
1653 1803 1936 1861 nefandae.

385 1880 504 1940 Hic
531 1881 693 1940 labor
717 1880 816 1939 ille
843 1881 1067 1958 domim,
1096 1889 1156 1941 et
1181 1882 1596 1940 inextricabilis
1625 1900 1795 1938 error.
1870 1936 1879 1941 .

385 1960 671 2037 Magnum
699 1959 912 2037 reginae
941 1961 1045 2018 sed
1071 1961 1228 2018 enim
1254 1961 1556 2020 miseratus
1585 1979 1837 2018 amorem

387 2038 683 2114 Daedalus,
711 2039 836 2116 ipse
864 2039 1026 2097 dolos
1052 2039 1191 2098 tecti
1220 2040 1606 2115 ambagesque
1635 2038 1887 2113 resolvit,

388 2117 563 2177 Caeca
588 2136 793 2195 regens
821 2117 919 2176 filo
946 2118 1205 2195 vestigia.
1290 2118 1384 2177 Tu
1414 2137 1642 2196 quoque
1671 2136 1939 2193 magnam
2050 2118 2055 2125 ’
2269 2116 2349 2172 30

387 2197 617 2255 Partem
646 2216 819 2274 opere
846 2196 905 2253 in
932 2205 1110 2271 tant0,
1139 2198 1353 2256 sineret
1379 2198 1558 2272 dolor,
1589 2196 1769 2272 Icare,
1796 2194 2059 2260 haberes.

388 2273 491 2334 Bis
519 2285 757 2334 conatus
786 2284 908 2333 erat
934 2295 1101 2333 casus
1130 2274 1404 2351 effingere
1432 2276 1492 2332 in
1521 2294 1656 2332 auro
1680 2293 1697 2347 ;

385 2355 490 2416 Bis
518 2354 715 2431 patriae
744 2352 1009 2412 cecidere
1037 2373 1261 2412 manus.
1349 2354 1508 2425 Quin
1538 2361 1811 2431 protenus
1839 2351 2033 2410 omnia

385 2419 761 2507 Perlegerent
787 2431 987 2508 oculis,
1018 2432 1079 2490 ni
1098 2436 1220 2511 jam
1248 2433 1577 2509 praemissus
1604 2429 1861 2490 Achates

388 2511 629 2585 Afforet,
660 2520 830 2588 atque
860 2512 974 2568 una
1002 2511 1214 2569 Phoebi
1242 2511 1574 2589 Triviaeque
1600 2509 1890 2586 sacerdoS,
2066 2567 2079 2576 Ι
2270 2508 2347 2563 35

339 2641 352 2649 .
391 2589 700 2667 Deiphobe
730 2590 957 2664 Glauci,
986 2590 1135 2649 fatur
1161 2610 1289 2667 quae
1318 2589 1455 2649 talia
1481 2590 1602 2666 regi
1627 2609 1664 2647 :v

391 2668 526 2726 Non
556 2668 667 2726 hoc
694 2669 805 2727 ista
830 2668 939 2726 sibi
967 2677 1196 2746 tempus
1224 2668 1551 2747 spectacula
1576 2666 1798 2747 poscit:

391 2746 566 2805 Nunc
594 2766 766 2823 grege
794 2748 865 2805 de
895 2748 1107 2806 intacto
1134 2757 1356 2827 septem
1385 2757 1634 2807 mactare
1653 2749 1939 2826 juvencos

390 2825 745 2900 Praestiterit,
774 2826 1012 2888 totidem
1040 2827 1218 2885 lectas
1245 2828 1319 2886 de
1346 2845 1508 2886 more
1535 2826 1818 2885 bidentes.

471 2903 712 2963 Talibus
741 2904 910 2962 affata
936 2904 1168 2963 AEnean
1205 2904 1344 2983 (nee
1375 2925 1535 2965 sacra
1561 2912 1851 2963 morantur
2020 2903 2027 2910 ’
2275 2903 2352 2957 40

389 2981 424 3039 J
429 3003 558 3040 ussa
583 2982 721 3058 viri)
759 2983 1017 3040 Teucros
1043 2992 1215 3041 vocat
1239 2985 1352 3042 alta
1378 2985 1437 3042 in
1466 2984 1683 3061 templa
1709 2981 1994 3041 sacerdos.

394 3061 673 3120 Excisum
701 3059 986 3119 Euboieae
1013 3059 1163 3119 latus
1190 3061 1394 3137 ingens
1421 3063 1580 3139 rupis
1608 3063 1668 3120 in
1697 3070 1943 3136 antrum,

393 3137 527 3210 Quo
554 3140 655 3198 lati
684 3140 903 3198 ducunt
930 3139 1117 3198 aditus
1143 3149 1396 3216 centum,
1427 3140 1572 3198 ostia
1598 3149 1868 3211 centum3

392 3217 568 3278 Unde
596 3226 767 3276 ruunt
792 3215 1251 3292 totidem'voces,
1280 3238 1555 3297 responsa
1583 3219 1840 3295 Sibyllae.

391 3295 652 3355 Ventum
682 3305 802 3357 erat
827 3298 900 3356 ad
927 3298 1124 3372 limen,
1155 3316 1334 3372 quum
1360 3299 1542 3375 virgo,
1571 3298 1821 3356 Poscere
1847 3294 1963 3352 fata
2276 3295 2353 3350 45

393 3374 675 3453 Tempus,
705 3376 821 3434 ait:
866 3376 1027 3453 deus,
1059 3396 1214 3452 ecce,
1245 3377 1406 3435 deus.
1490 3377 1605 3436 Cui
1635 3375 1769 3435 talia
1796 3373 1936 3431 fanti

391 3455 547 3512 Ante
573 3454 744 3529 fores,
775 3452 964 3513 subito
994 3473 1109 3513 non
1137 3456 1351 3530 vultus,
1382 3473 1497 3513 non
1518 3454 1684 3512 color
1709 3471 1881 3526 unus,

391 3532 454 3591 N
457 3553 531 3591 on
561 3552 690 3591 com
730 3541 804 3592 tae
831 3533 1094 3592 mansere
1123 3554 1343 3607 comae3
1388 3534 1490 3594 sed
1519 3540 1722 3610 pectus
1751 3530 2020 3589 anhelum

392 3611 477 3670 Et
503 3610 660 3670 rabie
688 3553 808 3671 leta
833 3613 1007 3670 corda
1032 3622 1273 3689 tument,
1304 3616 1601 3692 majorque
1628 3610 1830 3686 videri,

393 3689 526 3750 Nec
555 3691 795 3749 mortale
821 3707 1052 3766 sonanS,
1083 3689 1270 3751 afflata
1298 3701 1385 3750 est
1412 3691 1648 3749 numine
1677 3690 1904 3768 quando
2278 3685 2353 3741 50

390 3769 525 3828 Jam
551 3769 818 3906 propipge
846 3770 971 3826 dei..
1042 3772 1251 3830 Cessas
1281 3772 1336 3872 iq
1368 3780 1502 3829 vota
1526 3788 1862 3847 precesque,
