<?xml version="1.0" encoding="UTF-8"?>
<!DOCTYPE html PUBLIC "-//W3C//DTD XHTML 1.0 Transitional//EN"
    "http://www.w3.org/TR/xhtml1/DTD/xhtml1-transitional.dtd">
<html xmlns="http://www.w3.org/1999/xhtml" xml:lang="en" lang="en">
 <head>
  <title>
</title>
<meta http-equiv="Content-Type" content="text/html;charset=utf-8" />
  <meta name='ocr-system' content='tesseract 3.04.00' />
  <meta name='ocr-capabilities' content='ocr_page ocr_carea ocr_par ocr_line ocrx_word'/>
</head>
<body>
  <div class='ocr_page' id='page_1' title='image "./bucolicageorgic00unkngoog_0301.png"; bbox 0 0 2717 4300; ppageno 0'>
   <div class='ocr_carea' id='block_1_1' title="bbox 1170 332 1538 389">
    <p class='ocr_par' dir='ltr' id='par_1_1' title="bbox 1170 332 1538 389">
     <span class='ocr_line' id='line_1_1' title="bbox 1170 332 1538 389; baseline 0 0"><span class='ocrx_word' id='word_1_1' title='bbox 1170 332 1401 389; x_wconf 82' lang='lat' dir='ltr'>LIBER</span> <span class='ocrx_word' id='word_1_2' title='bbox 1437 332 1538 389; x_wconf 88' lang='lat' dir='ltr'><strong>XI.</strong></span> 
     </span>
    </p>
   </div>
   <div class='ocr_carea' id='block_1_2' title="bbox 324 479 2080 3911">
    <p class='ocr_par' dir='ltr' id='par_1_2' title="bbox 324 479 2080 3911">
     <span class='ocr_line' id='line_1_2' title="bbox 381 479 2002 564; baseline 0.002 -23"><span class='ocrx_word' id='word_1_3' title='bbox 381 479 445 541; x_wconf 88' lang='lat' dir='ltr'>N</span> <span class='ocrx_word' id='word_1_4' title='bbox 447 499 557 541; x_wconf 86' lang='lat' dir='ltr'><strong>unc</strong></span> <span class='ocrx_word' id='word_1_5' title='bbox 585 480 699 540; x_wconf 88' lang='lat' dir='ltr'><strong>ruit</strong></span> <span class='ocrx_word' id='word_1_6' title='bbox 724 482 797 540; x_wconf 87' lang='lat' dir='ltr'><strong>ad</strong></span> <span class='ocrx_word' id='word_1_7' title='bbox 821 490 1017 558; x_wconf 70' lang='lat' dir='ltr'><strong>terras,</strong></span> <span class='ocrx_word' id='word_1_8' title='bbox 1045 483 1428 561; x_wconf 89' lang='lat' dir='ltr'><strong>scopulosque</strong></span> <span class='ocrx_word' id='word_1_9' title='bbox 1455 485 1764 564; x_wconf 86' lang='lat' dir='ltr'><strong>superjacit</strong></span> <span class='ocrx_word' id='word_1_10' title='bbox 1787 486 2002 546; x_wconf 83' lang='lat' dir='ltr'><strong>undam</strong></span> 
     </span>
     <span class='ocr_line' id='line_1_3' title="bbox 382 561 1920 639; baseline 0.003 -22"><span class='ocrx_word' id='word_1_11' title='bbox 382 561 691 637; x_wconf 76' lang='lat' dir='ltr'>Spumeus,</span> <span class='ocrx_word' id='word_1_12' title='bbox 718 570 1147 639; x_wconf 78' lang='lat' dir='ltr'><strong>extremamque</strong></span> <span class='ocrx_word' id='word_1_13' title='bbox 1174 563 1302 619; x_wconf 87' lang='lat' dir='ltr'><strong>sinu</strong></span> <span class='ocrx_word' id='word_1_14' title='bbox 1329 562 1628 639; x_wconf 82' lang='lat' dir='ltr'><strong>perfundit</strong></span> <span class='ocrx_word' id='word_1_15' title='bbox 1653 582 1920 622; x_wconf 77' lang='lat' dir='ltr'><strong>arenam:</strong></span> 
     </span>
     <span class='ocr_line' id='line_1_4' title="bbox 382 639 1988 716; baseline 0.002 -19"><span class='ocrx_word' id='word_1_16' title='bbox 382 639 559 697; x_wconf 89' lang='lat' dir='ltr'><strong>Nunc</strong></span> <span class='ocrx_word' id='word_1_17' title='bbox 587 639 814 716; x_wconf 89' lang='lat' dir='ltr'><strong>rapidus</strong></span> <span class='ocrx_word' id='word_1_18' title='bbox 842 649 1006 715; x_wconf 89' lang='lat' dir='ltr'><strong>retr0,</strong></span> <span class='ocrx_word' id='word_1_19' title='bbox 1036 649 1208 716; x_wconf 91' lang='lat' dir='ltr'><strong>atque</strong></span> <span class='ocrx_word' id='word_1_20' title='bbox 1236 650 1380 698; x_wconf 79' lang='lat' dir='ltr'><strong>aestu</strong></span> <span class='ocrx_word' id='word_1_21' title='bbox 1407 642 1665 699; x_wconf 83' lang='lat' dir='ltr'><strong>revoluta</strong></span> <span class='ocrx_word' id='word_1_22' title='bbox 1688 643 1988 702; x_wconf 70' lang='lat' dir='ltr'><strong>resorbens</strong></span> 
     </span>
     <span class='ocr_line' id='line_1_5' title="bbox 385 717 1793 796; baseline 0.002 -21"><span class='ocrx_word' id='word_1_23' title='bbox 385 717 557 792; x_wconf 82' lang='lat' dir='ltr'><strong>Saxa,</strong></span> <span class='ocrx_word' id='word_1_24' title='bbox 585 717 750 792; x_wconf 84' lang='lat' dir='ltr'><strong>fugit,</strong></span> <span class='ocrx_word' id='word_1_25' title='bbox 778 717 1048 795; x_wconf 79' lang='lat' dir='ltr'><strong>littusque</strong></span> <span class='ocrx_word' id='word_1_26' title='bbox 1074 719 1223 776; x_wconf 87' lang='lat' dir='ltr'><strong>vado</strong></span> <span class='ocrx_word' id='word_1_27' title='bbox 1252 719 1481 776; x_wconf 91' lang='lat' dir='ltr'><strong>labente</strong></span> <span class='ocrx_word' id='word_1_28' title='bbox 1507 720 1793 796; x_wconf 84' lang='lat' dir='ltr'><strong>relinquit.</strong></span> 
     </span>
     <span class='ocr_line' id='line_1_6' title="bbox 384 795 1764 872; baseline 0.003 -20"><span class='ocrx_word' id='word_1_29' title='bbox 384 796 488 852; x_wconf 90' lang='lat' dir='ltr'><strong>Bis</strong></span> <span class='ocrx_word' id='word_1_30' title='bbox 515 795 696 852; x_wconf 90' lang='lat' dir='ltr'><strong>Tusci</strong></span> <span class='ocrx_word' id='word_1_31' title='bbox 722 795 971 854; x_wconf 87' lang='lat' dir='ltr'><strong>Rutulos</strong></span> <span class='ocrx_word' id='word_1_32' title='bbox 998 795 1170 872; x_wconf 64' lang='lat' dir='ltr'><strong>egere</strong></span> <span class='ocrx_word' id='word_1_33' title='bbox 1195 798 1269 854; x_wconf 78' lang='lat' dir='ltr'><strong>ed</strong></span> <span class='ocrx_word' id='word_1_34' title='bbox 1297 798 1509 855; x_wconf 86' lang='lat' dir='ltr'><strong>moenia</strong></span> <span class='ocrx_word' id='word_1_35' title='bbox 1533 817 1764 872; x_wconf 81' lang='lat' dir='ltr'><strong>versos3</strong></span> 
     </span>
     <span class='ocr_line' id='line_1_7' title="bbox 381 873 1750 952; baseline 0 -18"><span class='ocrx_word' id='word_1_36' title='bbox 381 873 485 934; x_wconf 90' lang='lat' dir='ltr'><strong>Bis</strong></span> <span class='ocrx_word' id='word_1_37' title='bbox 514 874 712 951; x_wconf 87' lang='lat' dir='ltr'><strong>rejecti</strong></span> <span class='ocrx_word' id='word_1_38' title='bbox 737 875 910 932; x_wconf 89' lang='lat' dir='ltr'><strong>armis</strong></span> <span class='ocrx_word' id='word_1_39' title='bbox 938 884 1263 952; x_wconf 84' lang='lat' dir='ltr'><strong>respectant</strong></span> <span class='ocrx_word' id='word_1_40' title='bbox 1286 883 1447 951; x_wconf 88' lang='lat' dir='ltr'><strong>terga</strong></span> <span class='ocrx_word' id='word_1_41' title='bbox 1470 883 1750 951; x_wconf 83' lang='lat' dir='ltr'><strong>tegentes.</strong></span> 
     </span>
     <span class='ocr_line' id='line_1_8' title="bbox 382 950 1858 1031; baseline 0.004 -23"><span class='ocrx_word' id='word_1_42' title='bbox 382 950 580 1009; x_wconf 85' lang='lat' dir='ltr'><strong>Tertia</strong></span> <span class='ocrx_word' id='word_1_43' title='bbox 604 952 706 1008; x_wconf 91' lang='lat' dir='ltr'><strong>sed</strong></span> <span class='ocrx_word' id='word_1_44' title='bbox 732 962 1033 1029; x_wconf 85' lang='lat' dir='ltr'><strong>postquam</strong></span> <span class='ocrx_word' id='word_1_45' title='bbox 1060 954 1349 1029; x_wconf 84' lang='lat' dir='ltr'><strong>congressi</strong></span> <span class='ocrx_word' id='word_1_46' title='bbox 1377 955 1435 1011; x_wconf 91' lang='lat' dir='ltr'><strong>in</strong></span> <span class='ocrx_word' id='word_1_47' title='bbox 1463 954 1682 1031; x_wconf 87' lang='lat' dir='ltr'><strong>proelia,</strong></span> <span class='ocrx_word' id='word_1_48' title='bbox 1711 961 1858 1014; x_wconf 72' lang='lat' dir='ltr'><strong>totu</strong></span> 
     </span>
     <span class='ocr_line' id='line_1_9' title="bbox 383 1028 1834 1106; baseline 0.005 -21"><span class='ocrx_word' id='word_1_49' title='bbox 383 1028 728 1106; x_wconf 68' lang='lat' dir='ltr'><strong>implicuere</strong></span> <span class='ocrx_word' id='word_1_50' title='bbox 756 1031 906 1086; x_wconf 88' lang='lat' dir='ltr'><strong>inter</strong></span> <span class='ocrx_word' id='word_1_51' title='bbox 931 1049 994 1087; x_wconf 89' lang='lat' dir='ltr'><strong>se</strong></span> <span class='ocrx_word' id='word_1_52' title='bbox 1021 1032 1195 1105; x_wconf 84' lang='lat' dir='ltr'><strong>acies,</strong></span> <span class='ocrx_word' id='word_1_53' title='bbox 1223 1031 1476 1106; x_wconf 91' lang='lat' dir='ltr'><strong>legitque</strong></span> <span class='ocrx_word' id='word_1_54' title='bbox 1501 1033 1688 1092; x_wconf 86' lang='lat' dir='ltr'><strong>virum</strong></span> <span class='ocrx_word' id='word_1_55' title='bbox 1712 1032 1834 1091; x_wconf 82' lang='lat' dir='ltr'><strong>vir:</strong></span> 
     </span>
     <span class='ocr_line' id='line_1_10' title="bbox 383 1103 2080 1183; baseline 0.004 -20"><span class='ocrx_word' id='word_1_56' title='bbox 383 1108 538 1163; x_wconf 89' lang='lat' dir='ltr'><strong>Tum</strong></span> <span class='ocrx_word' id='word_1_57' title='bbox 565 1103 702 1163; x_wconf 74' lang='lat' dir='ltr'><strong>vero</strong></span> <span class='ocrx_word' id='word_1_58' title='bbox 731 1115 789 1165; x_wconf 91' lang='lat' dir='ltr'><strong>et</strong></span> <span class='ocrx_word' id='word_1_59' title='bbox 814 1106 1059 1181; x_wconf 84' lang='lat' dir='ltr'><strong>gemitus</strong></span> <span class='ocrx_word' id='word_1_60' title='bbox 1086 1107 1455 1181; x_wconf 72' lang='lat' dir='ltr'><strong>morientum,</strong></span> <span class='ocrx_word' id='word_1_61' title='bbox 1485 1117 1545 1165; x_wconf 89' lang='lat' dir='ltr'><strong>et</strong></span> <span class='ocrx_word' id='word_1_62' title='bbox 1568 1110 1849 1183; x_wconf 86' lang='lat' dir='ltr'><strong>sanguine</strong></span> <span class='ocrx_word' id='word_1_63' title='bbox 1874 1111 1936 1167; x_wconf 91' lang='lat' dir='ltr'><strong>in</strong></span> <span class='ocrx_word' id='word_1_64' title='bbox 1964 1109 2080 1169; x_wconf 79' lang='lat' dir='ltr'><strong>alto</strong></span> 
     </span>
     <span class='ocr_line' id='line_1_11' title="bbox 384 1182 1950 1260; baseline 0.002 -20"><span class='ocrx_word' id='word_1_65' title='bbox 384 1187 701 1259; x_wconf 88' lang='lat' dir='ltr'><strong>Armaque,</strong></span> <span class='ocrx_word' id='word_1_66' title='bbox 719 1182 1096 1259; x_wconf 79' lang='lat' dir='ltr'><strong>corporaque,</strong></span> <span class='ocrx_word' id='word_1_67' title='bbox 1124 1193 1186 1241; x_wconf 91' lang='lat' dir='ltr'><strong>et</strong></span> <span class='ocrx_word' id='word_1_68' title='bbox 1207 1185 1477 1260; x_wconf 79' lang='lat' dir='ltr'><strong>permixti</strong></span> <span class='ocrx_word' id='word_1_69' title='bbox 1504 1186 1670 1242; x_wconf 76' lang='lat' dir='ltr'><strong>crede</strong></span> <span class='ocrx_word' id='word_1_70' title='bbox 1694 1186 1950 1250; x_wconf 76' lang='lat' dir='ltr'><strong>virorum</strong></span> 
     </span>
     <span class='ocr_line' id='line_1_12' title="bbox 388 1260 1986 1339; baseline 0.003 -21"><span class='ocrx_word' id='word_1_71' title='bbox 388 1260 774 1318; x_wconf 85' lang='lat' dir='ltr'><strong>Semianimes</strong></span> <span class='ocrx_word' id='word_1_72' title='bbox 800 1260 1110 1318; x_wconf 86' lang='lat' dir='ltr'><strong>volvuntur</strong></span> <span class='ocrx_word' id='word_1_73' title='bbox 1135 1260 1303 1336; x_wconf 79' lang='lat' dir='ltr'><strong>equi3</strong></span> <span class='ocrx_word' id='word_1_74' title='bbox 1343 1280 1542 1338; x_wconf 89' lang='lat' dir='ltr'><strong>pugna</strong></span> <span class='ocrx_word' id='word_1_75' title='bbox 1566 1280 1768 1338; x_wconf 85' lang='lat' dir='ltr'><strong>aspera</strong></span> <span class='ocrx_word' id='word_1_76' title='bbox 1792 1265 1986 1339; x_wconf 82' lang='lat' dir='ltr'><strong>surgit.</strong></span> 
     </span>
     <span class='ocr_line' id='line_1_13' title="bbox 387 1335 1977 1417; baseline 0.003 -22"><span class='ocrx_word' id='word_1_77' title='bbox 387 1335 724 1395; x_wconf 86' lang='lat' dir='ltr'><strong>Orsilochus</strong></span> <span class='ocrx_word' id='word_1_78' title='bbox 750 1335 1008 1412; x_wconf 83' lang='lat' dir='ltr'><strong>Remuli,</strong></span> <span class='ocrx_word' id='word_1_79' title='bbox 1036 1339 1266 1414; x_wconf 84' lang='lat' dir='ltr'><strong>quando</strong></span> <span class='ocrx_word' id='word_1_80' title='bbox 1291 1338 1482 1414; x_wconf 88' lang='lat' dir='ltr'><strong>ipsum</strong></span> <span class='ocrx_word' id='word_1_81' title='bbox 1507 1339 1774 1398; x_wconf 89' lang='lat' dir='ltr'><strong>horrebat</strong></span> <span class='ocrx_word' id='word_1_82' title='bbox 1801 1341 1977 1417; x_wconf 87' lang='lat' dir='ltr'><strong>adire,</strong></span> 
     </span>
     <span class='ocr_line' id='line_1_14' title="bbox 324 1414 2026 1496; baseline 0.005 -25"><span class='ocrx_word' id='word_1_83' title='bbox 324 1449 333 1456; x_wconf 93' lang='lat'><strong>·</strong></span> <span class='ocrx_word' id='word_1_84' title='bbox 388 1415 631 1472; x_wconf 80' lang='lat' dir='ltr'><strong>Hastam</strong></span> <span class='ocrx_word' id='word_1_85' title='bbox 659 1414 885 1472; x_wconf 88' lang='lat' dir='ltr'><strong>intorsit</strong></span> <span class='ocrx_word' id='word_1_86' title='bbox 911 1434 945 1473; x_wconf 93' lang='lat' dir='ltr'><strong>e</strong></span> <span class='ocrx_word' id='word_1_87' title='bbox 984 1434 1080 1489; x_wconf 89' lang='lat' dir='ltr'><strong>uo,</strong></span> <span class='ocrx_word' id='word_1_88' title='bbox 1108 1416 1432 1493; x_wconf 82' lang='lat' dir='ltr'><strong>ferrumque</strong></span> <span class='ocrx_word' id='word_1_89' title='bbox 1458 1417 1567 1475; x_wconf 90' lang='lat' dir='ltr'><strong>sub</strong></span> <span class='ocrx_word' id='word_1_90' title='bbox 1597 1436 1732 1476; x_wconf 90' lang='lat' dir='ltr'><strong>aure</strong></span> <span class='ocrx_word' id='word_1_91' title='bbox 1757 1419 2026 1496; x_wconf 85' lang='lat' dir='ltr'><strong>reliquit;</strong></span> 
     </span>
     <span class='ocr_line' id='line_1_15' title="bbox 389 1490 1908 1574; baseline 0.005 -27"><span class='ocrx_word' id='word_1_92' title='bbox 389 1492 523 1560; x_wconf 80' lang='lat' dir='ltr'><strong>Quo</strong></span> <span class='ocrx_word' id='word_1_93' title='bbox 552 1490 782 1568; x_wconf 87' lang='lat' dir='ltr'><strong>sonipes</strong></span> <span class='ocrx_word' id='word_1_94' title='bbox 808 1492 926 1550; x_wconf 88' lang='lat' dir='ltr'><strong>ictu</strong></span> <span class='ocrx_word' id='word_1_95' title='bbox 974 1494 1085 1551; x_wconf 91' lang='lat' dir='ltr'><strong>urit</strong></span> <span class='ocrx_word' id='word_1_96' title='bbox 1109 1494 1345 1568; x_wconf 85' lang='lat' dir='ltr'><strong>arduus,</strong></span> <span class='ocrx_word' id='word_1_97' title='bbox 1375 1494 1603 1572; x_wconf 87' lang='lat' dir='ltr'><strong>altaque</strong></span> <span class='ocrx_word' id='word_1_98' title='bbox 1622 1497 1820 1574; x_wconf 90' lang='lat' dir='ltr'><strong>jactat,</strong></span> <span class='ocrx_word' id='word_1_99' title='bbox 1899 1555 1908 1568; x_wconf 75' lang='grc'><em>,</em></span> 
     </span>
     <span class='ocr_line' id='line_1_16' title="bbox 385 1567 1765 1648; baseline 0.005 -24"><span class='ocrx_word' id='word_1_100' title='bbox 385 1567 661 1626; x_wconf 90' lang='lat' dir='ltr'><strong>Vulneris</strong></span> <span class='ocrx_word' id='word_1_101' title='bbox 686 1569 1011 1646; x_wconf 87' lang='lat' dir='ltr'><strong>impatiens,</strong></span> <span class='ocrx_word' id='word_1_102' title='bbox 1039 1580 1255 1629; x_wconf 88' lang='lat' dir='ltr'><strong>arrecto</strong></span> <span class='ocrx_word' id='word_1_103' title='bbox 1279 1581 1533 1648; x_wconf 81' lang='lat' dir='ltr'><strong>pectore,</strong></span> <span class='ocrx_word' id='word_1_104' title='bbox 1562 1591 1765 1631; x_wconf 82' lang='lat' dir='ltr'><strong>crura:</strong></span> 
     </span>
     <span class='ocr_line' id='line_1_17' title="bbox 385 1645 1833 1729; baseline 0.006 -28"><span class='ocrx_word' id='word_1_105' title='bbox 385 1645 655 1703; x_wconf 87' lang='lat' dir='ltr'><strong>Volvitur</strong></span> <span class='ocrx_word' id='word_1_106' title='bbox 679 1646 779 1704; x_wconf 89' lang='lat' dir='ltr'><strong>ille</strong></span> <span class='ocrx_word' id='word_1_107' title='bbox 806 1666 1088 1706; x_wconf 83' lang='lat' dir='ltr'><strong>excussus</strong></span> <span class='ocrx_word' id='word_1_108' title='bbox 1114 1649 1294 1707; x_wconf 92' lang='lat' dir='ltr'><strong>humi.</strong></span> <span class='ocrx_word' id='word_1_109' title='bbox 1378 1651 1621 1709; x_wconf 87' lang='lat' dir='ltr'><strong>Catillus</strong></span> <span class='ocrx_word' id='word_1_110' title='bbox 1649 1651 1833 1729; x_wconf 82' lang='lat' dir='ltr'><strong>Iolan,</strong></span> 
     </span>
     <span class='ocr_line' id='line_1_18' title="bbox 387 1722 1948 1806; baseline 0.006 -27"><span class='ocrx_word' id='word_1_111' title='bbox 387 1722 801 1800; x_wconf 86' lang='lat' dir='ltr'><strong>lugentemque</strong></span> <span class='ocrx_word' id='word_1_112' title='bbox 829 1726 1054 1801; x_wconf 89' lang='lat' dir='ltr'><strong>animis,</strong></span> <span class='ocrx_word' id='word_1_113' title='bbox 1081 1726 1375 1803; x_wconf 89' lang='lat' dir='ltr'><strong>ingentem</strong></span> <span class='ocrx_word' id='word_1_114' title='bbox 1404 1747 1642 1805; x_wconf 86' lang='lat' dir='ltr'><strong>corpore</strong></span> <span class='ocrx_word' id='word_1_115' title='bbox 1670 1738 1730 1788; x_wconf 91' lang='lat' dir='ltr'><strong>et</strong></span> <span class='ocrx_word' id='word_1_116' title='bbox 1756 1731 1948 1806; x_wconf 88' lang='lat' dir='ltr'><strong>armis,</strong></span> 
     </span>
     <span class='ocr_line' id='line_1_19' title="bbox 384 1800 1966 1878; baseline 0.006 -21"><span class='ocrx_word' id='word_1_117' title='bbox 384 1800 605 1878; x_wconf 88' lang='lat' dir='ltr'><strong>Dejicit</strong></span> <span class='ocrx_word' id='word_1_118' title='bbox 631 1802 1036 1875; x_wconf 78' lang='lat' dir='ltr'><strong>Herminium3</strong></span> <span class='ocrx_word' id='word_1_119' title='bbox 1076 1805 1236 1862; x_wconf 88' lang='lat' dir='ltr'><strong>nudo</strong></span> <span class='ocrx_word' id='word_1_120' title='bbox 1261 1806 1360 1861; x_wconf 87' lang='lat' dir='ltr'><strong>cui</strong></span> <span class='ocrx_word' id='word_1_121' title='bbox 1384 1808 1599 1865; x_wconf 86' lang='lat' dir='ltr'><strong>vertice</strong></span> <span class='ocrx_word' id='word_1_122' title='bbox 1625 1806 1782 1865; x_wconf 82' lang='lat' dir='ltr'><strong>fulva</strong></span> <span class='ocrx_word' id='word_1_123' title='bbox 1959 1809 1966 1814; x_wconf 71' lang='grc'><em>“</em></span> 
     </span>
     <span class='ocr_line' id='line_1_20' title="bbox 385 1878 1925 1959; baseline 0.005 -23"><span class='ocrx_word' id='word_1_124' title='bbox 385 1878 686 1953; x_wconf 74' lang='lat' dir='ltr'><strong>caesaries,</strong></span> <span class='ocrx_word' id='word_1_125' title='bbox 714 1879 968 1955; x_wconf 86' lang='lat' dir='ltr'><strong>nudique</strong></span> <span class='ocrx_word' id='word_1_126' title='bbox 994 1879 1252 1952; x_wconf 87' lang='lat' dir='ltr'><strong>humeri;</strong></span> <span class='ocrx_word' id='word_1_127' title='bbox 1295 1899 1406 1939; x_wconf 91' lang='lat' dir='ltr'><strong>nec</strong></span> <span class='ocrx_word' id='word_1_128' title='bbox 1430 1882 1670 1940; x_wconf 87' lang='lat' dir='ltr'><strong>vulnera</strong></span> <span class='ocrx_word' id='word_1_129' title='bbox 1693 1892 1925 1959; x_wconf 87' lang='lat' dir='ltr'><strong>terrent,</strong></span> 
     </span>
     <span class='ocr_line' id='line_1_21' title="bbox 385 1956 2041 2038; baseline 0.004 -24"><span class='ocrx_word' id='word_1_130' title='bbox 385 1957 608 2014; x_wconf 89' lang='lat' dir='ltr'><strong>Tantus</strong></span> <span class='ocrx_word' id='word_1_131' title='bbox 634 1956 695 2013; x_wconf 92' lang='lat' dir='ltr'><strong>in</strong></span> <span class='ocrx_word' id='word_1_132' title='bbox 725 1974 882 2014; x_wconf 89' lang='lat' dir='ltr'><strong>arma</strong></span> <span class='ocrx_word' id='word_1_133' title='bbox 951 1964 1086 2016; x_wconf 89' lang='lat' dir='ltr'><strong>atet.</strong></span> <span class='ocrx_word' id='word_1_134' title='bbox 1167 1959 1345 2016; x_wconf 91' lang='lat' dir='ltr'><strong>Latos</strong></span> <span class='ocrx_word' id='word_1_135' title='bbox 1370 1959 1508 2017; x_wconf 88' lang='lat' dir='ltr'><strong>huic</strong></span> <span class='ocrx_word' id='word_1_136' title='bbox 1533 1959 1700 2018; x_wconf 90' lang='lat' dir='ltr'><strong>hasta</strong></span> <span class='ocrx_word' id='word_1_137' title='bbox 1724 1980 1830 2038; x_wconf 89' lang='lat' dir='ltr'><strong>per</strong></span> <span class='ocrx_word' id='word_1_138' title='bbox 1853 1981 2041 2022; x_wconf 89' lang='lat' dir='ltr'><strong>armos</strong></span> 
     </span>
     <span class='ocr_line' id='line_1_22' title="bbox 385 2034 1916 2112; baseline 0.003 -19"><span class='ocrx_word' id='word_1_139' title='bbox 385 2037 535 2093; x_wconf 89' lang='lat' dir='ltr'><strong>Acta</strong></span> <span class='ocrx_word' id='word_1_140' title='bbox 558 2034 768 2109; x_wconf 88' lang='lat' dir='ltr'><strong>tremit,</strong></span> <span class='ocrx_word' id='word_1_141' title='bbox 796 2035 870 2092; x_wconf 88' lang='lat' dir='ltr'><strong>du</strong></span> <span class='ocrx_word' id='word_1_142' title='bbox 936 2034 1162 2112; x_wconf 87' lang='lat' dir='ltr'><strong>icatque</strong></span> <span class='ocrx_word' id='word_1_143' title='bbox 1187 2036 1376 2094; x_wconf 84' lang='lat' dir='ltr'><strong>virum</strong></span> <span class='ocrx_word' id='word_1_144' title='bbox 1403 2038 1676 2095; x_wconf 83' lang='lat' dir='ltr'><strong>transfixa</strong></span> <span class='ocrx_word' id='word_1_145' title='bbox 1701 2039 1916 2098; x_wconf 91' lang='lat' dir='ltr'><strong>dolore.</strong></span> 
     </span>
     <span class='ocr_line' id='line_1_23' title="bbox 387 2112 1872 2191; baseline 0.003 -19"><span class='ocrx_word' id='word_1_146' title='bbox 387 2112 671 2172; x_wconf 87' lang='lat' dir='ltr'><strong>Funditur</strong></span> <span class='ocrx_word' id='word_1_147' title='bbox 697 2120 818 2171; x_wconf 91' lang='lat' dir='ltr'><strong>ater</strong></span> <span class='ocrx_word' id='word_1_148' title='bbox 841 2132 881 2171; x_wconf 90' lang='lat' dir='ltr'><strong>u</strong></span> <span class='ocrx_word' id='word_1_149' title='bbox 924 2113 1057 2191; x_wconf 83' lang='lat' dir='ltr'><strong>‘que</strong></span> <span class='ocrx_word' id='word_1_150' title='bbox 1083 2131 1284 2172; x_wconf 87' lang='lat' dir='ltr'><strong>cruor:</strong></span> <span class='ocrx_word' id='word_1_151' title='bbox 1328 2115 1469 2175; x_wconf 87' lang='lat' dir='ltr'><strong>dant</strong></span> <span class='ocrx_word' id='word_1_152' title='bbox 1499 2115 1701 2174; x_wconf 85' lang='lat' dir='ltr'><strong>funera</strong></span> <span class='ocrx_word' id='word_1_153' title='bbox 1725 2118 1872 2176; x_wconf 82' lang='lat' dir='ltr'><strong>ferro</strong></span> 
     </span>
     <span class='ocr_line' id='line_1_24' title="bbox 387 2191 2053 2271; baseline 0.003 -21"><span class='ocrx_word' id='word_1_154' title='bbox 387 2191 707 2266; x_wconf 85' lang='lat' dir='ltr'><strong>Certantes,</strong></span> <span class='ocrx_word' id='word_1_155' title='bbox 735 2191 1149 2271; x_wconf 89' lang='lat' dir='ltr'><strong>pulchramque</strong></span> <span class='ocrx_word' id='word_1_156' title='bbox 1174 2201 1379 2269; x_wconf 87' lang='lat' dir='ltr'><strong>petunt</strong></span> <span class='ocrx_word' id='word_1_157' title='bbox 1402 2212 1506 2270; x_wconf 88' lang='lat' dir='ltr'><strong>per</strong></span> <span class='ocrx_word' id='word_1_158' title='bbox 1531 2195 1771 2253; x_wconf 81' lang='lat' dir='ltr'><strong>vulnera</strong></span> <span class='ocrx_word' id='word_1_159' title='bbox 1794 2205 2053 2258; x_wconf 85' lang='lat' dir='ltr'><strong>mortem.</strong></span> 
     </span>
     <span class='ocr_line' id='line_1_25' title="bbox 464 2270 1761 2349; baseline 0.002 -21"><span class='ocrx_word' id='word_1_160' title='bbox 464 2271 543 2329; x_wconf 80' lang='lat' dir='ltr'><strong>At</strong></span> <span class='ocrx_word' id='word_1_161' title='bbox 569 2270 786 2328; x_wconf 89' lang='lat' dir='ltr'><strong>medias</strong></span> <span class='ocrx_word' id='word_1_162' title='bbox 812 2270 960 2329; x_wconf 87' lang='lat' dir='ltr'><strong>inter</strong></span> <span class='ocrx_word' id='word_1_163' title='bbox 986 2271 1177 2329; x_wconf 83' lang='lat' dir='ltr'><strong>caedes</strong></span> <span class='ocrx_word' id='word_1_164' title='bbox 1205 2272 1455 2330; x_wconf 81' lang='lat' dir='ltr'><strong>exsultat</strong></span> <span class='ocrx_word' id='word_1_165' title='bbox 1483 2274 1761 2349; x_wconf 87' lang='lat' dir='ltr'><strong>Amazon,</strong></span> 
     </span>
     <span class='ocr_line' id='line_1_26' title="bbox 387 2348 1922 2427; baseline 0.002 -19"><span class='ocrx_word' id='word_1_166' title='bbox 387 2348 589 2408; x_wconf 90' lang='lat' dir='ltr'><strong>Unum</strong></span> <span class='ocrx_word' id='word_1_167' title='bbox 617 2357 844 2407; x_wconf 81' lang='lat' dir='ltr'><strong>exserta</strong></span> <span class='ocrx_word' id='word_1_168' title='bbox 868 2348 1016 2407; x_wconf 87' lang='lat' dir='ltr'><strong>latus</strong></span> <span class='ocrx_word' id='word_1_169' title='bbox 1043 2368 1275 2427; x_wconf 62' lang='lat' dir='ltr'><strong>pugnae,</strong></span> <span class='ocrx_word' id='word_1_170' title='bbox 1303 2350 1629 2426; x_wconf 88' lang='lat' dir='ltr'><strong>pharetrata</strong></span> <span class='ocrx_word' id='word_1_171' title='bbox 1658 2351 1922 2411; x_wconf 79' lang='lat' dir='ltr'><strong>Camilla.</strong></span> 
     </span>
     <span class='ocr_line' id='line_1_27' title="bbox 388 2426 1841 2505; baseline 0.002 -22"><span class='ocrx_word' id='word_1_172' title='bbox 388 2426 471 2484; x_wconf 88' lang='lat' dir='ltr'><strong>Et</strong></span> <span class='ocrx_word' id='word_1_173' title='bbox 497 2446 650 2487; x_wconf 89' lang='lat' dir='ltr'><strong>nunc</strong></span> <span class='ocrx_word' id='word_1_174' title='bbox 678 2427 832 2485; x_wconf 89' lang='lat' dir='ltr'><strong>lenta</strong></span> <span class='ocrx_word' id='word_1_175' title='bbox 858 2446 1033 2485; x_wconf 89' lang='lat' dir='ltr'><strong>manu</strong></span> <span class='ocrx_word' id='word_1_176' title='bbox 1062 2447 1338 2505; x_wconf 87' lang='lat' dir='ltr'><strong>spargens</strong></span> <span class='ocrx_word' id='word_1_177' title='bbox 1364 2429 1594 2487; x_wconf 87' lang='lat' dir='ltr'><strong>hastilia</strong></span> <span class='ocrx_word' id='word_1_178' title='bbox 1618 2430 1841 2505; x_wconf 84' lang='lat' dir='ltr'><strong>denset,</strong></span> 
     </span>
     <span class='ocr_line' id='line_1_28' title="bbox 387 2504 1922 2585; baseline 0.001 -21"><span class='ocrx_word' id='word_1_179' title='bbox 387 2504 450 2564; x_wconf 92' lang='lat' dir='ltr'>N</span> <span class='ocrx_word' id='word_1_180' title='bbox 453 2524 563 2562; x_wconf 89' lang='lat' dir='ltr'><strong>unc</strong></span> <span class='ocrx_word' id='word_1_181' title='bbox 590 2505 839 2563; x_wconf 87' lang='lat' dir='ltr'><strong>validam</strong></span> <span class='ocrx_word' id='word_1_182' title='bbox 866 2505 1070 2564; x_wconf 68' lang='lat' dir='ltr'><strong>dextra</strong></span> <span class='ocrx_word' id='word_1_183' title='bbox 1096 2507 1246 2583; x_wconf 90' lang='lat' dir='ltr'><strong>rapit</strong></span> <span class='ocrx_word' id='word_1_184' title='bbox 1268 2507 1562 2565; x_wconf 77' lang='lat' dir='ltr'><strong>indefessa</strong></span> <span class='ocrx_word' id='word_1_185' title='bbox 1584 2507 1922 2585; x_wconf 89' lang='lat' dir='ltr'><strong>bipennem.</strong></span> 
     </span>
     <span class='ocr_line' id='line_1_29' title="bbox 386 2583 1912 2661; baseline 0.003 -21"><span class='ocrx_word' id='word_1_186' title='bbox 386 2586 616 2641; x_wconf 86' lang='lat' dir='ltr'><strong>Aureus</strong></span> <span class='ocrx_word' id='word_1_187' title='bbox 643 2602 719 2641; x_wconf 83' lang='lat' dir='ltr'><strong>ex</strong></span> <span class='ocrx_word' id='word_1_188' title='bbox 743 2583 987 2641; x_wconf 89' lang='lat' dir='ltr'><strong>humero</strong></span> <span class='ocrx_word' id='word_1_189' title='bbox 1012 2593 1178 2643; x_wconf 86' lang='lat' dir='ltr'><strong>sonat</strong></span> <span class='ocrx_word' id='word_1_190' title='bbox 1204 2604 1389 2661; x_wconf 88' lang='lat' dir='ltr'><strong>arcus,</strong></span> <span class='ocrx_word' id='word_1_191' title='bbox 1418 2594 1478 2644; x_wconf 93' lang='lat' dir='ltr'><strong>et</strong></span> <span class='ocrx_word' id='word_1_192' title='bbox 1504 2605 1661 2644; x_wconf 86' lang='lat' dir='ltr'><strong>arma</strong></span> <span class='ocrx_word' id='word_1_193' title='bbox 1685 2587 1912 2646; x_wconf 74' lang='lat' dir='ltr'><strong>Dianae.</strong></span> 
     </span>
     <span class='ocr_line' id='line_1_30' title="bbox 389 2661 1856 2742; baseline 0.003 -23"><span class='ocrx_word' id='word_1_194' title='bbox 389 2661 497 2719; x_wconf 88' lang='lat' dir='ltr'><strong>Illa</strong></span> <span class='ocrx_word' id='word_1_195' title='bbox 521 2661 714 2735; x_wconf 85' lang='lat' dir='ltr'><strong>etiam,</strong></span> <span class='ocrx_word' id='word_1_196' title='bbox 742 2662 791 2719; x_wconf 91' lang='lat' dir='ltr'><strong>si</strong></span> <span class='ocrx_word' id='word_1_197' title='bbox 815 2664 1047 2737; x_wconf 88' lang='lat' dir='ltr'><strong>quando</strong></span> <span class='ocrx_word' id='word_1_198' title='bbox 1071 2664 1134 2720; x_wconf 90' lang='lat' dir='ltr'><strong>in</strong></span> <span class='ocrx_word' id='word_1_199' title='bbox 1159 2671 1382 2740; x_wconf 86' lang='lat' dir='ltr'><strong>tergum</strong></span> <span class='ocrx_word' id='word_1_200' title='bbox 1408 2664 1577 2741; x_wconf 88' lang='lat' dir='ltr'><strong>pulsa</strong></span> <span class='ocrx_word' id='word_1_201' title='bbox 1602 2665 1856 2742; x_wconf 84' lang='lat' dir='ltr'><strong>recessit,</strong></span> 
     </span>
     <span class='ocr_line' id='line_1_31' title="bbox 387 2739 1622 2818; baseline 0.002 -21"><span class='ocrx_word' id='word_1_202' title='bbox 387 2739 624 2816; x_wconf 86' lang='lat' dir='ltr'><strong>Spicula</strong></span> <span class='ocrx_word' id='word_1_203' title='bbox 648 2758 924 2798; x_wconf 85' lang='lat' dir='ltr'><strong>converso</strong></span> <span class='ocrx_word' id='word_1_204' title='bbox 949 2741 1225 2816; x_wconf 81' lang='lat' dir='ltr'><strong>fugientia</strong></span> <span class='ocrx_word' id='word_1_205' title='bbox 1249 2742 1443 2818; x_wconf 85' lang='lat' dir='ltr'><strong>dirigit</strong></span> <span class='ocrx_word' id='word_1_206' title='bbox 1465 2762 1622 2801; x_wconf 87' lang='lat' dir='ltr'><strong>arcu.</strong></span> 
     </span>
     <span class='ocr_line' id='line_1_32' title="bbox 387 2814 1746 2898; baseline 0.004 -23"><span class='ocrx_word' id='word_1_207' title='bbox 387 2819 469 2875; x_wconf 91' lang='lat' dir='ltr'><strong>At</strong></span> <span class='ocrx_word' id='word_1_208' title='bbox 492 2814 709 2873; x_wconf 70' lang='lat' dir='ltr'><strong>circum</strong></span> <span class='ocrx_word' id='word_1_209' title='bbox 736 2815 903 2874; x_wconf 67' lang='lat' dir='ltr'><strong>lecte</strong></span> <span class='ocrx_word' id='word_1_210' title='bbox 926 2820 1186 2893; x_wconf 88' lang='lat' dir='ltr'><strong>comites,</strong></span> <span class='ocrx_word' id='word_1_211' title='bbox 1214 2821 1539 2898; x_wconf 83' lang='lat' dir='ltr'><strong>Larinaque</strong></span> <span class='ocrx_word' id='word_1_212' title='bbox 1564 2822 1746 2897; x_wconf 85' lang='lat' dir='ltr'><strong>virgo,</strong></span> 
     </span>
     <span class='ocr_line' id='line_1_33' title="bbox 387 2893 1901 2976; baseline 0.005 -25"><span class='ocrx_word' id='word_1_213' title='bbox 387 2893 698 2970; x_wconf 81' lang='lat' dir='ltr'><strong>Tullaque,</strong></span> <span class='ocrx_word' id='word_1_214' title='bbox 726 2900 786 2951; x_wconf 90' lang='lat' dir='ltr'><strong>et</strong></span> <span class='ocrx_word' id='word_1_215' title='bbox 811 2901 1040 2951; x_wconf 72' lang='lat' dir='ltr'><strong>aeratam</strong></span> <span class='ocrx_word' id='word_1_216' title='bbox 1064 2897 1328 2971; x_wconf 89' lang='lat' dir='ltr'><strong>quatiens</strong></span> <span class='ocrx_word' id='word_1_217' title='bbox 1352 2899 1609 2976; x_wconf 78' lang='lat' dir='ltr'><strong>Tarpeia</strong></span> <span class='ocrx_word' id='word_1_218' title='bbox 1632 2899 1901 2975; x_wconf 85' lang='lat' dir='ltr'><strong>securim,</strong></span> 
     </span>
     <span class='ocr_line' id='line_1_34' title="bbox 391 2970 1735 3054; baseline 0.004 -25"><span class='ocrx_word' id='word_1_219' title='bbox 391 2971 664 3044; x_wconf 59' lang='lat' dir='ltr'><strong>Italides,</strong></span> <span class='ocrx_word' id='word_1_220' title='bbox 707 2989 851 3049; x_wconf 86' lang='lat' dir='ltr'><strong>quas</strong></span> <span class='ocrx_word' id='word_1_221' title='bbox 876 2970 1003 3046; x_wconf 84' lang='lat' dir='ltr'><strong>ipsa</strong></span> <span class='ocrx_word' id='word_1_222' title='bbox 1026 2971 1202 3029; x_wconf 87' lang='lat' dir='ltr'><strong>decus</strong></span> <span class='ocrx_word' id='word_1_223' title='bbox 1228 2975 1338 3031; x_wconf 85' lang='lat' dir='ltr'><strong>sibi</strong></span> <span class='ocrx_word' id='word_1_224' title='bbox 1365 2976 1460 3032; x_wconf 84' lang='lat' dir='ltr'><strong>dia</strong></span> <span class='ocrx_word' id='word_1_225' title='bbox 1485 2976 1735 3054; x_wconf 76' lang='lat' dir='ltr'><strong>Camilla</strong></span> 
     </span>
     <span class='ocr_line' id='line_1_35' title="bbox 389 3046 1775 3126; baseline 0.004 -18"><span class='ocrx_word' id='word_1_226' title='bbox 389 3050 643 3126; x_wconf 87' lang='lat' dir='ltr'><strong>Delegit‚</strong></span> <span class='ocrx_word' id='word_1_227' title='bbox 712 3048 946 3125; x_wconf 76' lang='lat' dir='ltr'><strong>acisque</strong></span> <span class='ocrx_word' id='word_1_228' title='bbox 971 3046 1152 3106; x_wconf 90' lang='lat' dir='ltr'><strong>bonas</strong></span> <span class='ocrx_word' id='word_1_229' title='bbox 1178 3048 1431 3126; x_wconf 87' lang='lat' dir='ltr'><strong>bellique</strong></span> <span class='ocrx_word' id='word_1_230' title='bbox 1457 3053 1775 3112; x_wconf 75' lang='lat' dir='ltr'><strong>ministrast</strong></span> 
     </span>
     <span class='ocr_line' id='line_1_36' title="bbox 388 3127 1895 3202; baseline 0.004 -18"><span class='ocrx_word' id='word_1_231' title='bbox 388 3127 612 3198; x_wconf 82' lang='lat' dir='ltr'><strong>Quales</strong></span> <span class='ocrx_word' id='word_1_232' title='bbox 695 3127 952 3201; x_wconf 76' lang='lat' dir='ltr'><strong>hrei‘cire,</strong></span> <span class='ocrx_word' id='word_1_233' title='bbox 980 3145 1158 3202; x_wconf 88' lang='lat' dir='ltr'><strong>quum</strong></span> <span class='ocrx_word' id='word_1_234' title='bbox 1184 3127 1424 3186; x_wconf 88' lang='lat' dir='ltr'><strong>flumina</strong></span> <span class='ocrx_word' id='word_1_235' title='bbox 1447 3130 1895 3190; x_wconf 84' lang='lat' dir='ltr'><strong>Thermodontis</strong></span> 
     </span>
     <span class='ocr_line' id='line_1_37' title="bbox 387 3204 1820 3282; baseline 0.003 -19"><span class='ocrx_word' id='word_1_236' title='bbox 387 3206 648 3281; x_wconf 87' lang='lat' dir='ltr'><strong>Pulsant‚</strong></span> <span class='ocrx_word' id='word_1_237' title='bbox 677 3214 737 3264; x_wconf 92' lang='lat' dir='ltr'><strong>et</strong></span> <span class='ocrx_word' id='word_1_238' title='bbox 760 3205 928 3282; x_wconf 87' lang='lat' dir='ltr'><strong>pictis</strong></span> <span class='ocrx_word' id='word_1_239' title='bbox 952 3204 1239 3263; x_wconf 91' lang='lat' dir='ltr'><strong>bellantur</strong></span> <span class='ocrx_word' id='word_1_240' title='bbox 1263 3208 1590 3267; x_wconf 84' lang='lat' dir='ltr'><strong>Amazones</strong></span> <span class='ocrx_word' id='word_1_241' title='bbox 1616 3210 1820 3281; x_wconf 86' lang='lat' dir='ltr'><strong>armis;</strong></span> 
     </span>
     <span class='ocr_line' id='line_1_38' title="bbox 392 3283 2024 3361; baseline 0 -20"><span class='ocrx_word' id='word_1_242' title='bbox 392 3284 510 3341; x_wconf 87' lang='lat' dir='ltr'><strong>Seu</strong></span> <span class='ocrx_word' id='word_1_243' title='bbox 541 3285 754 3344; x_wconf 89' lang='lat' dir='ltr'><strong>circum</strong></span> <span class='ocrx_word' id='word_1_244' title='bbox 772 3283 866 3359; x_wconf 71' lang='lat' dir='ltr'><strong>⁴Hi</strong></span> <span class='ocrx_word' id='word_1_245' title='bbox 907 3283 1162 3361; x_wconf 80' lang='lat' dir='ltr'><strong>polyten,</strong></span> <span class='ocrx_word' id='word_1_246' title='bbox 1192 3303 1296 3342; x_wconf 89' lang='lat' dir='ltr'><strong>seu</strong></span> <span class='ocrx_word' id='word_1_247' title='bbox 1320 3304 1500 3360; x_wconf 86' lang='lat' dir='ltr'><strong>quum</strong></span> <span class='ocrx_word' id='word_1_248' title='bbox 1527 3305 1590 3344; x_wconf 90' lang='lat' dir='ltr'><strong>se</strong></span> <span class='ocrx_word' id='word_1_249' title='bbox 1617 3286 1832 3345; x_wconf 86' lang='lat' dir='ltr'><strong>Martia</strong></span> <span class='ocrx_word' id='word_1_250' title='bbox 1855 3302 2024 3342; x_wconf 87' lang='lat' dir='ltr'><strong>curru</strong></span> 
     </span>
     <span class='ocr_line' id='line_1_39' title="bbox 391 3361 1894 3439; baseline 0.001 -19"><span class='ocrx_word' id='word_1_251' title='bbox 391 3361 761 3420; x_wconf 88' lang='lat' dir='ltr'><strong>Penthesilea</strong></span> <span class='ocrx_word' id='word_1_252' title='bbox 786 3379 848 3419; x_wconf 86' lang='lat' dir='ltr'><strong>re</strong></span> <span class='ocrx_word' id='word_1_253' title='bbox 871 3370 976 3436; x_wconf 85' lang='lat' dir='ltr'><strong>ert,</strong></span> <span class='ocrx_word' id='word_1_254' title='bbox 1005 3381 1332 3439; x_wconf 84' lang='lat' dir='ltr'><strong>magnoque</strong></span> <span class='ocrx_word' id='word_1_255' title='bbox 1358 3363 1617 3422; x_wconf 84' lang='lat' dir='ltr'><strong>ululante</strong></span> <span class='ocrx_word' id='word_1_256' title='bbox 1643 3363 1894 3422; x_wconf 80' lang='lat' dir='ltr'><strong>tumultu</strong></span> 
     </span>
     <span class='ocr_line' id='line_1_40' title="bbox 391 3438 1720 3518; baseline -0.001 -20"><span class='ocrx_word' id='word_1_257' title='bbox 391 3438 697 3498; x_wconf 84' lang='lat' dir='ltr'><strong>Foeminea</strong></span> <span class='ocrx_word' id='word_1_258' title='bbox 721 3439 1010 3498; x_wconf 81' lang='lat' dir='ltr'><strong>exsultant</strong></span> <span class='ocrx_word' id='word_1_259' title='bbox 1037 3440 1249 3499; x_wconf 84' lang='lat' dir='ltr'><strong>lunatis</strong></span> <span class='ocrx_word' id='word_1_260' title='bbox 1277 3442 1507 3516; x_wconf 86' lang='lat' dir='ltr'><strong>agmina</strong></span> <span class='ocrx_word' id='word_1_261' title='bbox 1529 3441 1720 3518; x_wconf 88' lang='lat' dir='ltr'><strong>peltis.</strong></span> 
     </span>
     <span class='ocr_line' id='line_1_41' title="bbox 393 3516 2046 3596; baseline 0.001 -22"><span class='ocrx_word' id='word_1_262' title='bbox 393 3517 586 3588; x_wconf 81' lang='lat' dir='ltr'><strong>Quem</strong></span> <span class='ocrx_word' id='word_1_263' title='bbox 605 3518 722 3576; x_wconf 90' lang='lat' dir='ltr'><strong>telo</strong></span> <span class='ocrx_word' id='word_1_264' title='bbox 748 3518 1019 3594; x_wconf 89' lang='lat' dir='ltr'><strong>primum,</strong></span> <span class='ocrx_word' id='word_1_265' title='bbox 1047 3538 1219 3594; x_wconf 89' lang='lat' dir='ltr'><strong>quem</strong></span> <span class='ocrx_word' id='word_1_266' title='bbox 1245 3526 1617 3596; x_wconf 82' lang='lat' dir='ltr'><strong>postremum,</strong></span> <span class='ocrx_word' id='word_1_267' title='bbox 1646 3535 1846 3594; x_wconf 88' lang='lat' dir='ltr'><strong>aspera</strong></span> <span class='ocrx_word' id='word_1_268' title='bbox 1863 3516 2046 3595; x_wconf 79' lang='lat' dir='ltr'><strong>virgo,</strong></span> 
     </span>
     <span class='ocr_line' id='line_1_42' title="bbox 391 3595 1996 3674; baseline 0.001 -20"><span class='ocrx_word' id='word_1_269' title='bbox 391 3595 656 3674; x_wconf 82' lang='lat' dir='ltr'><strong>Dejicis?</strong></span> <span class='ocrx_word' id='word_1_270' title='bbox 698 3604 796 3654; x_wconf 89' lang='lat' dir='ltr'><strong>aut</strong></span> <span class='ocrx_word' id='word_1_271' title='bbox 822 3604 964 3673; x_wconf 88' lang='lat' dir='ltr'><strong>quot</strong></span> <span class='ocrx_word' id='word_1_272' title='bbox 988 3596 1150 3656; x_wconf 89' lang='lat' dir='ltr'><strong>humi</strong></span> <span class='ocrx_word' id='word_1_273' title='bbox 1177 3598 1478 3656; x_wconf 89' lang='lat' dir='ltr'><strong>morientia</strong></span> <span class='ocrx_word' id='word_1_274' title='bbox 1504 3595 1996 3673; x_wconf 43' lang='lat' dir='ltr'><strong>corpora‘fnndis?</strong></span> 
     </span>
     <span class='ocr_line' id='line_1_43' title="bbox 392 3674 1866 3754; baseline 0.001 -21"><span class='ocrx_word' id='word_1_275' title='bbox 392 3674 683 3733; x_wconf 74' lang='lat' dir='ltr'><strong>Eunaeum</strong></span> <span class='ocrx_word' id='word_1_276' title='bbox 711 3674 902 3749; x_wconf 79' lang='lat' dir='ltr'><strong>Clytio</strong></span> <span class='ocrx_word' id='word_1_277' title='bbox 929 3675 1176 3752; x_wconf 89' lang='lat' dir='ltr'><strong>primum</strong></span> <span class='ocrx_word' id='word_1_278' title='bbox 1204 3683 1385 3753; x_wconf 91' lang='lat' dir='ltr'><strong>patre,</strong></span> <span class='ocrx_word' id='word_1_279' title='bbox 1414 3677 1581 3754; x_wconf 87' lang='lat' dir='ltr'><strong>cnjus</strong></span> <span class='ocrx_word' id='word_1_280' title='bbox 1607 3683 1866 3751; x_wconf 88' lang='lat' dir='ltr'><strong>apertum</strong></span> 
     </span>
     <span class='ocr_line' id='line_1_44' title="bbox 392 3751 1760 3831; baseline -0.001 -19"><span class='ocrx_word' id='word_1_281' title='bbox 392 3752 641 3812; x_wconf 74' lang='lat' dir='ltr'><strong>Adversi</strong></span> <span class='ocrx_word' id='word_1_282' title='bbox 667 3751 841 3827; x_wconf 69' lang='lat' dir='ltr'><strong>longa</strong></span> <span class='ocrx_word' id='word_1_283' title='bbox 866 3754 1283 3812; x_wconf 76' lang='lat' dir='ltr'><strong>transverberat</strong></span> <span class='ocrx_word' id='word_1_284' title='bbox 1309 3754 1498 3813; x_wconf 89' lang='lat' dir='ltr'><strong>abiete</strong></span> <span class='ocrx_word' id='word_1_285' title='bbox 1524 3762 1760 3831; x_wconf 85' lang='lat' dir='ltr'><strong>pectus:</strong></span> 
     </span>
     <span class='ocr_line' id='line_1_45' title="bbox 393 3829 1989 3911; baseline -0.003 -18"><span class='ocrx_word' id='word_1_286' title='bbox 393 3830 704 3908; x_wconf 79' lang='lat' dir='ltr'><strong>Sanguinis</strong></span> <span class='ocrx_word' id='word_1_287' title='bbox 728 3829 827 3888; x_wconf 89' lang='lat' dir='ltr'><strong>ille</strong></span> <span class='ocrx_word' id='word_1_288' title='bbox 853 3849 1093 3889; x_wconf 87' lang='lat' dir='ltr'><strong>vomens</strong></span> <span class='ocrx_word' id='word_1_289' title='bbox 1119 3832 1268 3890; x_wconf 80' lang='lat' dir='ltr'><strong>rivos</strong></span> <span class='ocrx_word' id='word_1_290' title='bbox 1295 3834 1468 3909; x_wconf 85' lang='lat' dir='ltr'><strong>cadit,</strong></span> <span class='ocrx_word' id='word_1_291' title='bbox 1497 3841 1667 3911; x_wconf 89' lang='lat' dir='ltr'><strong>atque</strong></span> <span class='ocrx_word' id='word_1_292' title='bbox 1693 3838 1989 3892; x_wconf 83' lang='lat' dir='ltr'><strong>cruentam</strong></span> 
     </span>
    </p>
   </div>
   <div class='ocr_carea' id='block_1_3' title="bbox 2219 493 2337 547">
    <p class='ocr_par' dir='ltr' id='par_1_3' title="bbox 2219 493 2337 547">
     <span class='ocr_line' id='line_1_46' title="bbox 2219 493 2337 547; baseline 0.017 -2"><span class='ocrx_word' id='word_1_293' title='bbox 2219 493 2337 547; x_wconf 79' lang='grc'><strong>625</strong></span> 
     </span>
    </p>
   </div>
   <div class='ocr_carea' id='block_1_4' title="bbox 2219 880 2339 937">
    <p class='ocr_par' dir='ltr' id='par_1_4' title="bbox 2219 880 2339 937">
     <span class='ocr_line' id='line_1_47' title="bbox 2219 880 2339 937; baseline 0.025 -3"><span class='ocrx_word' id='word_1_294' title='bbox 2219 880 2339 937; x_wconf 83' lang='grc'><strong>630</strong></span> 
     </span>
    </p>
   </div>
   <div class='ocr_carea' id='block_1_5' title="bbox 2223 1270 2339 1324">
    <p class='ocr_par' dir='ltr' id='par_1_5' title="bbox 2223 1270 2339 1324">
     <span class='ocr_line' id='line_1_48' title="bbox 2223 1270 2339 1324; baseline 0.009 -1"><span class='ocrx_word' id='word_1_295' title='bbox 2223 1270 2339 1324; x_wconf 81' lang='grc'><strong>635</strong></span> 
     </span>
    </p>
   </div>
   <div class='ocr_carea' id='block_1_6' title="bbox 2224 1658 2341 1711">
    <p class='ocr_par' dir='ltr' id='par_1_6' title="bbox 2224 1658 2341 1711">
     <span class='ocr_line' id='line_1_49' title="bbox 2224 1658 2341 1711; baseline 0.009 -1"><span class='ocrx_word' id='word_1_296' title='bbox 2224 1658 2341 1711; x_wconf 85' lang='grc'><strong>640</strong></span> 
     </span>
    </p>
   </div>
   <div class='ocr_carea' id='block_1_7' title="bbox 2224 2046 2341 2100">
    <p class='ocr_par' dir='ltr' id='par_1_7' title="bbox 2224 2046 2341 2100">
     <span class='ocr_line' id='line_1_50' title="bbox 2224 2046 2341 2100; baseline 0 -1"><span class='ocrx_word' id='word_1_297' title='bbox 2224 2046 2341 2100; x_wconf 82' lang='grc'><strong>645</strong></span> 
     </span>
    </p>
   </div>
   <div class='ocr_carea' id='block_1_8' title="bbox 2224 2434 2342 2489">
    <p class='ocr_par' dir='ltr' id='par_1_8' title="bbox 2224 2434 2342 2489">
     <span class='ocr_line' id='line_1_51' title="bbox 2224 2434 2342 2489; baseline 0.017 -1"><span class='ocrx_word' id='word_1_298' title='bbox 2224 2434 2342 2489; x_wconf 82' lang='grc'><strong>650</strong></span> 
     </span>
    </p>
   </div>
   <div class='ocr_carea' id='block_1_9' title="bbox 2225 2827 2345 2881">
    <p class='ocr_par' dir='ltr' id='par_1_9' title="bbox 2225 2827 2345 2881">
     <span class='ocr_line' id='line_1_52' title="bbox 2225 2827 2345 2881; baseline 0.017 -2"><span class='ocrx_word' id='word_1_299' title='bbox 2225 2827 2345 2881; x_wconf 74' lang='grc'><strong>655</strong></span> 
     </span>
    </p>
   </div>
   <div class='ocr_carea' id='block_1_10' title="bbox 2228 3211 2352 3268">
    <p class='ocr_par' dir='ltr' id='par_1_10' title="bbox 2228 3211 2352 3268">
     <span class='ocr_line' id='line_1_53' title="bbox 2228 3211 2352 3268; baseline 0.032 -4"><span class='ocrx_word' id='word_1_300' title='bbox 2228 3211 2352 3268; x_wconf 86' lang='grc'><strong>660</strong></span> 
     </span>
    </p>
   </div>
   <div class='ocr_carea' id='block_1_11' title="bbox 2167 3597 2346 3656">
    <p class='ocr_par' dir='ltr' id='par_1_11' title="bbox 2167 3597 2346 3656">
     <span class='ocr_line' id='line_1_54' title="bbox 2167 3597 2346 3656; baseline 0.006 -1"><span class='ocrx_word' id='word_1_301' title='bbox 2167 3597 2172 3602; x_wconf 72' lang='grc'><em>’</em></span> <span class='ocrx_word' id='word_1_302' title='bbox 2228 3603 2346 3656; x_wconf 75' lang='lat'><strong>665</strong></span> 
     </span>
    </p>
   </div>
  </div>
 </body>
</html>
