2717 4300
359 307 468 365 126
1168 305 1534 362 AENEIDOS

358 457 422 515 Si
448 474 564 534 qua
591 457 755 531 fides,
785 456 1042 515 animum
1070 455 1120 513 si
1145 455 1298 514 veris
1324 455 1532 533 implet
1556 455 1789 533 Apollo,

354 535 555 596 Unum
582 534 724 593 illud
751 535 877 610 tibi,
904 544 1039 593 nate
1067 535 1198 610 dea,
1225 553 1460 611 praeque
1488 534 1758 593 omnibus
1783 554 1984 612 unum,

353 614 694 688 Praedicam,
726 623 784 671 et
810 621 1076 690 repetens
1104 613 1427 689 iterumque
1454 613 1777 690 iterumque
1803 612 2071 675 monebo.

350 693 387 750 J
391 693 595 750 unonis
622 710 845 767 magnae
873 688 1123 768 primum
1148 710 1322 769 prece
1349 710 1566 750 numen
1596 692 1807 767 adora3

350 771 565 829 Junoni
593 789 736 827 cane
762 778 897 828 vota
924 769 1131 845 libens,
1160 771 1570 848 dominamque
1595 779 1892 849 potentem

354 844 719 925 Supplicibus
747 868 957 927 supera
983 849 1150 907 donis
1175 868 1188 906 z
1231 849 1316 908 sic
1343 849 1598 927 denique
1623 849 1809 910 victor

352 928 649 985 Trinacria
677 927 823 985 fines
851 926 1027 986 Italos
1054 925 1283 986 mittere
1309 928 1529 987 relicta.

353 1005 490 1064 Huc
518 1005 618 1063 ubi
646 1005 868 1065 delatus
897 1006 1194 1065 Cumaeam
1223 1007 1534 1065 accesseris
1559 1006 1784 1085 urbem,

351 1085 711 1160 D1vinosque
739 1083 916 1160 lacus,
947 1093 1007 1143 et
1031 1087 1265 1143 Averna
1291 1086 1555 1144 sonantia
1579 1085 1739 1145 silvis
1760 1106 1777 1161 ;

351 1162 621 1221 Insanam
647 1171 839 1221 vatem
868 1163 1171 1242 adspicies,
1200 1183 1328 1241 quae
1357 1183 1500 1242 rupe
1527 1163 1635 1224 sub
1662 1160 1785 1224 ima'

350 1243 497 1301 Fata
520 1242 693 1318 canit,
720 1238 1177 1320 foliisqw'notas
1204 1252 1264 1302 et
1289 1244 1526 1302 nomina
1551 1244 1804 1305 mandat.

352 1321 751 1399 Quaecumque
778 1321 838 1380 in
866 1321 1017 1380 foliis
1044 1322 1347 1400 descripsit
1373 1322 1629 1381 carmina
1653 1324 1835 1400 virgo,

352 1400 579 1476 Digerit
602 1400 663 1458 in
692 1420 1017 1476 numerum,
1046 1410 1218 1477 atque
1246 1409 1409 1459 antro
1436 1400 1666 1461 seclusa
1690 1401 1963 1480 relinquit
1987 1421 2003 1461 t

353 1478 460 1536 Illa
485 1489 722 1538 manent
745 1480 984 1538 immota
1010 1479 1173 1556 locis,
1202 1498 1393 1557 neque
1421 1479 1493 1538 ab
1521 1481 1722 1538 ordine
1749 1480 1986 1541 cedunt.

349 1554 573 1617 Verum
601 1559 824 1633 eadem,
852 1577 1019 1616 verso
1046 1558 1236 1617 tenuis
1262 1577 1442 1634 quum
1471 1558 1702 1616 cardine
1728 1567 1937 1618 ventus

351 1636 610 1714 Impulit,
641 1645 699 1695 et
724 1645 951 1694 teneras
978 1635 1226 1694 turbavit
1244 1637 1426 1714 janua
1451 1634 1703 1712 frondes,

348 1715 668 1790 Nunquam
696 1715 907 1773 deinde
936 1732 1077 1773 cavo
1104 1713 1402 1772 volitantia
1425 1715 1708 1791 prendere
1735 1734 1897 1794 saxo,

348 1794 412 1852 N
413 1813 481 1853 ec
508 1812 776 1852 revocare
805 1793 966 1868 situs,
994 1801 1092 1851 aut
1110 1794 1356 1872 jungere
1383 1792 1640 1852 earmina
1665 1803 1842 1853 curat.

351 1872 672 1931 Inconsulti
698 1871 930 1948 abeunt,
958 1871 1275 1948 sedemque
1303 1869 1479 1930 odere
1506 1871 1750 1949 sibyllae.

279 2014 288 2021 p
350 1950 470 2009 Hic
496 1951 602 2010 tibi
628 1969 705 2009 ne
732 1970 848 2027 qua
872 1969 1047 2008 morae
1073 1949 1286 2008 fuerint
1311 1951 1615 2027 dispendia
1638 1951 1805 2027 tanti,

352 2029 633 2101 Quamvis
658 2030 1004 2108 increpitent
1029 2029 1191 2105 socii,
1220 2037 1280 2087 et
1303 2029 1364 2087 vi
1392 2048 1593 2089 cursus
1619 2029 1677 2088 in
1708 2030 1888 2090 altum

349 2107 502 2167 Vela
526 2117 715 2185 vocet,
742 2110 1044 2188 possisque
1072 2108 1231 2168 sinus
1258 2107 1500 2186 implere
1527 2111 1835 2187 secundos,

287 2254 295 2264 ι
352 2187 510 2259 Quin
540 2188 711 2246 adeas
737 2198 948 2264 vatem,
976 2187 1364 2266 precibusque
1391 2187 1622 2247 oracula
1644 2208 1889 2267 poscas:

352 2266 486 2344 lpsa
512 2275 697 2343 canat,
724 2287 1044 2345 vocemque
1072 2266 1275 2326 volens
1303 2275 1476 2344 atque
1504 2287 1605 2326 ora
1629 2268 1894 2328 resolvat.

351 2345 461 2404 Illa
484 2346 589 2405 tibi
619 2346 799 2406 Italiae
825 2346 1097 2425 populos,
1124 2355 1482 2423 venturaque
1508 2346 1682 2421 bella,

350 2425 433 2483 Et
458 2444 574 2502 quo
601 2444 892 2502 quemque
920 2426 1093 2484 modo
1121 2424 1421 2501 fugiasque
1448 2425 1711 2501 serasque
1736 2424 2012 2503 laborem,

350 2503 683 2581 Expediet3
727 2523 1041 2581 cursusque
1068 2502 1230 2563 dabit
1255 2511 1531 2562 venerata
1555 2504 1862 2563 secundos.

350 2582 500 2640 Haec
528 2592 663 2642 sunt
688 2602 815 2659 quae
843 2583 1036 2641 nostrii
1062 2582 1235 2640 liceat
1262 2590 1318 2640 te
1345 2601 1490 2639 voce
1517 2582 1757 2640 moneri.

348 2659 519 2719 Vade
548 2680 672 2736 age,
702 2670 763 2720 et
788 2662 1081 2737 ingentem
1108 2659 1272 2718 factis
1299 2660 1386 2718 ser
1410 2661 1484 2719 ad
1511 2659 1727 2720 aethera
1754 2661 2011 2741 Trojam.

428 2739 580 2811 Quae
608 2747 909 2816 postquam
941 2747 1099 2797 vates
1126 2738 1209 2796 sic
1236 2757 1335 2796 ore
1365 2738 1570 2798 effatus
1598 2740 1786 2799 amico
1813 2750 1923 2819 est,

349 2818 525 2877 Dona
550 2818 761 2876 dehinc
788 2837 927 2876 auro
954 2817 1167 2894 gravia,
1194 2827 1471 2895 sectoque
1498 2817 1825 2912 elephanto,

351 2895 606 2974 Imperat
631 2897 703 2954 ad
730 2916 908 2954 naves
934 2897 1086 2973 ferri,
1116 2896 1401 2974 stipatque
1428 2898 1638 2958 carinis

351 2976 566 3051 Ingens
595 2984 911 3051 argentum,
942 2975 1392 3053 Dodonaeosque
1418 2976 1659 3053 lebetas,

350 3054 615 3113 Loricam
644 3063 968 3114 consertam
998 3054 1186 3113 hamis
1215 3074 1467 3132 auroque
1494 3056 1759 3133 trilicem,

349 3132 436 3193 Et
460 3152 670 3192 conum
697 3132 939 3209 insignis
966 3132 1170 3210 galeas,
1199 3133 1512 3212 cristasque
1539 3143 1854 3210 comantes,

348 3213 531 3271 Arma
555 3211 947 3289 Neoptolemi.
1033 3211 1179 3271 Sunt
1206 3220 1267 3271 et
1291 3233 1397 3273 sua
1423 3215 1577 3273 dona
1600 3211 1842 3292 parenti.

349 3290 533 3349 Addit
559 3310 757 3368 equos,
787 3291 1057 3369 additque
1085 3292 1262 3350 duces
1287 3311 1301 3349 ε

349 3368 686 3443 Remigium
713 3370 979 3448 supplet;
1021 3369 1211 3429 socios
1238 3370 1411 3429 simul
1437 3368 1667 3430 instruit
1691 3367 1880 3427 armis.

431 3445 661 3522 Interea
686 3448 928 3507 classem
954 3449 1100 3507 velis
1127 3457 1323 3528 aptare
1341 3448 1590 3528 jubebat

357 3523 658 3601 Anchises,
687 3525 854 3587 fieret
876 3536 1051 3587 vento
1076 3547 1237 3587 mora
1260 3547 1337 3586 ne
1364 3546 1479 3604 qua
1503 3524 1726 3585 ferenti.

353 3598 552 3673 Quem
577 3603 790 3663 Phoebi
816 3605 1094 3685 interpres
1121 3606 1302 3664 multo
1329 3603 1638 3682 compellat
1661 3602 1921 3665 honore:

352 3680 663 3761 conjugio,
691 3683 970 3759 Anchisa,
997 3684 1249 3743 Veneris
1276 3684 1508 3761 dignate
1534 3681 1804 3761 superbo,

352 3759 511 3820 Cura
537 3761 733 3835 deum,
760 3761 851 3819 bis
877 3762 1211 3836 Pergameis
1239 3769 1437 3838 erepte
1462 3760 1662 3838 ruinis,

351 3838 516 3899 Ecce
542 3839 649 3902 tibi
676 3840 948 3899 Ausoniae
977 3838 1186 3911 tellus;
1227 3838 1381 3897 hanc
1409 3839 1595 3916 arripe
1620 3839 1784 3900 velis.

2203 539 2320 595 435

2199 1328 2317 1384 445

2200 1720 2316 1775 450

2084 2088 2087 2091 Δ
2198 2114 2316 2170 455

2198 2508 2316 2563 460

2196 2900 2313 2958 465

2193 3293 2314 3352 470

2193 3686 2315 3744 475
