2717 4300
322 288 362 351 8
1008 287 1571 347 Bucomcomm

323 434 389 500 N
389 452 502 500 unc
530 437 703 499 etiam
729 436 984 517 pecudes
1010 439 1240 498 umbras
1266 447 1328 497 et
1349 439 1561 515 frigora
1585 446 1853 517 captant3

324 519 388 578 N
393 538 503 577 unc
528 518 742 577 virides
770 519 942 576 etiam
970 518 1259 576 occultant
1284 518 1511 593 spineta
1535 518 1777 576 lacertos
1800 537 1815 576 t

325 593 623 672 Thestylis
651 605 710 654 et
735 596 933 673 rapido
959 596 1126 653 fessis
1153 593 1502 653 messoribus
1531 603 1691 670 aestu,

323 674 480 732 Allia
508 674 952 750 serpyllumque,
982 672 1190 731 herbas
1218 675 1521 732 contundit
1547 672 1769 732 olentes
1792 694 1807 732 ι

324 756 405 809 At
431 771 658 809 mecum
685 752 890 828 rauciS‚
920 761 1018 810 tua
1044 753 1181 809 dum
1210 752 1452 828 vestigia
1477 752 1674 826 lustro,

327 830 462 888 Sole
489 829 595 887 sub
624 830 843 888 ardenti
870 838 1139 888 resonant
1165 829 1393 887 arbusta
1418 830 1648 887 cicadis,

322 908 538 966 Nonne
565 908 673 966 fuit
698 909 875 967 satius
902 909 1090 967 tristes
1117 907 1490 985 Amaryllidis
1516 907 1628 966 iras

323 989 515 1062 Atque
543 987 788 1062 superba
813 987 932 1064 pati
959 987 1230 1045 fastidia?
1272 1005 1467 1061 nonne
1496 986 1830 1060 Menalcan,

326 1064 606 1135 Quamvis
635 1064 731 1122 ille
760 1067 940 1140 niger,
970 1065 1230 1141 quamvis
1258 1075 1319 1123 tu
1349 1063 1628 1123 candidus
1658 1083 1815 1143 esses
1839 1065 1861 1121 ?

325 1144 376 1201 Ο
406 1143 652 1201 formose
678 1163 840 1219 puer,
871 1141 1113 1201 nimium
1141 1163 1215 1200 ne
1243 1144 1414 1201 crede
1443 1142 1659 1215 colori3

323 1221 475 1279 Alba
500 1221 736 1296 ligustra
763 1222 992 1296 cadunt,
1021 1221 1287 1295 vaccinia
1313 1222 1479 1297 nigra
1506 1220 1791 1296 leguntur.

323 1300 652 1375 Despectus
678 1300 784 1358 tibi
812 1319 958 1374 sum,
987 1319 1097 1358 nec
1123 1298 1221 1376 qui
1249 1300 1358 1356 sim
1387 1300 1613 1374 quaeris,
1642 1298 1856 1372 Alexi3

326 1375 521 1447 Quam
550 1379 713 1437 dives
738 1379 963 1454 pecoris
992 1378 1166 1447 nivei,
1196 1375 1369 1454 quam
1398 1377 1561 1435 lactis
1589 1377 1905 1435 abundans.
1993 1439 1998 1443 ,

325 1451 496 1514 Mille
525 1476 670 1513 meae
702 1457 911 1514 Siculis
939 1465 1130 1514 errant
1155 1455 1215 1512 in
1243 1455 1535 1513 montibus
1564 1473 1766 1530 agnae3
2017 1457 2024 1464 '

325 1533 444 1592 Lac
472 1535 615 1595 mihi
644 1554 760 1593 non
778 1542 983 1591 -aestate
1011 1553 1246 1606 novum,
1277 1553 1393 1591 non
1421 1533 1631 1607 frigore
1660 1532 1817 1589 defit.

326 1614 534 1687 Canto,
564 1633 692 1689 quae
720 1613 942 1686 solituS,
972 1613 1022 1670 si
1051 1613 1281 1688 quando
1311 1620 1567 1668 armenta
1591 1610 1850 1684 vocabat,

325 1692 620 1769 Amphion
649 1689 912 1749 Dircaeus
939 1691 999 1748 in
1027 1692 1228 1748 Actaeo
1256 1689 1607 1765 Aracyntho.

325 1768 386 1828 N
390 1789 456 1827 ec
485 1789 610 1827 sum
641 1766 784 1826 adeo
813 1768 1108 1841 informis3
1153 1787 1335 1844 nuper
1364 1786 1457 1843 me
1486 1767 1544 1824 in
1574 1766 1762 1825 littore
1789 1765 1929 1841 vidi,

327 1849 526 1920 Quum
552 1847 843 1925 placidum
870 1846 1058 1905 ventis
1086 1854 1260 1904 staret
1285 1866 1442 1903 mare
1468 1866 1481 1903 :
1527 1865 1642 1903 non
1672 1865 1780 1921 ego
1808 1843 2108 1923 Daphnin,

322 1926 356 1984 J
363 1926 529 1985 udice
557 1936 637 2019 tez
664 1935 934 2000 metuam,
963 1926 1012 1983 si
1040 1944 1333 2001 nunquam
1361 1923 1520 1985 sallat
1546 1924 1759 2000 imago.

404 2005 456 2063 Ο
488 2011 709 2062 tantum
742 2001 919 2061 libeat
946 2022 1177 2061 mecum
1207 2002 1311 2061 tibi
1340 2002 1572 2060 sordida
1596 2022 1727 2060 rura

326 2084 519 2159 Atque
548 2081 799 2140 humiles
826 2081 1084 2140 habitare
1113 2100 1295 2157 casas,
1326 2090 1386 2152 et
1413 2081 1589 2157 figere
1618 2100 1840 2156 cervos,

326 2162 757 2237 Haedorumque
785 2180 1016 2237 gregem
1044 2160 1214 2218 viridi
1242 2160 1590 2238 compellere
1619 2158 1844 2219 hibisco
1867 2162 1881 2217 ἔ

326 2239 566 2298 Mecum
592 2240 708 2296 una
737 2240 795 2297 in
824 2238 982 2298 silvis
1010 2238 1308 2298 imitabere
1337 2239 1501 2298 Pana
1527 2240 1792 2297 canendo
1815 2259 1829 2296 t
1887 2253 1916 2276 '-

324 2318 449 2376 Pan
480 2319 697 2396 primus
726 2319 976 2376 calamos
1005 2320 1137 2376 cera
1164 2321 1516 2397 conjungere
1543 2318 1737 2395 plures

327 2396 618 2471 Instituit3
662 2397 787 2454 Pan
815 2406 977 2455 curat
1003 2416 1142 2454 oves
1169 2397 1479 2472 oviumque
1508 2395 1825 2471 magistros.

326 2476 387 2535 N
391 2495 458 2534 ec
485 2484 543 2534 te
569 2476 848 2553 poeniteat
872 2475 1099 2533 calamo
1129 2475 1354 2533 trivisse
1383 2474 1656 2531 labellum
1687 2493 1701 2531 z

326 2554 474 2612 Haec
502 2555 705 2613 eadem
733 2562 798 2611 ut
823 2554 1012 2627 sciret,
1042 2554 1178 2629 quid
1207 2572 1324 2610 non
1352 2552 1599 2610 faciebat
1625 2553 1955 2627 Amyntas?

260 2631 269 2644 '
327 2634 439 2691 Est
465 2633 607 2691 mihi
635 2632 958 2709 disparibus
985 2642 1208 2708 septem
1237 2640 1537 2708 compacta
1564 2631 1768 2689 cicutis

326 2712 567 2785 Fistula,
597 2713 896 2780 Damoetas
923 2712 1076 2768 dono
1106 2711 1247 2768 mihi
1276 2729 1447 2786 quam
1475 2710 1635 2768 dedit
1661 2709 1819 2784 olim,

327 2791 408 2849 Et
435 2791 582 2849 dixit
607 2790 858 2848 moriens
883 2809 896 2847 ε
940 2789 1031 2847 Te
1060 2808 1213 2847 nunc
1241 2788 1420 2847 habet
1446 2788 1556 2847 ista
1582 2790 1921 2847 secundum.

328 2869 498 2938 Dixit
522 2870 820 2928 Damoetas
843 2889 858 2942 ;
902 2868 1113 2927 invidit
1140 2868 1346 2926 stultus
1376 2869 1676 2945 Amyntas.

326 2948 616 3007 Praeterea
642 2948 776 3022 duc,
805 2967 916 3006 nec
943 2948 1065 3006 tuta
1095 2947 1238 3005 mihi
1264 2946 1416 3004 valle
1444 2945 1674 3025 reperti,

329 3026 617 3104 Capreoli,
647 3027 857 3105 sparsis
885 3027 1058 3084 etiam
1087 3044 1242 3083 nunc
1268 3024 1519 3108 pellibus
1548 3025 1700 3101 albo,

327 3105 482 3163 Bina
507 3106 601 3164 die
629 3106 849 3164 siccant
873 3106 997 3162 ovis
1025 3105 1240 3178 ubera;
1285 3124 1429 3181 quos
1455 3104 1562 3163 tibi
1590 3123 1775 3163 servo.

327 3184 363 3242 J
367 3204 457 3243 am
484 3185 707 3262 pridem
736 3204 772 3242 a
797 3204 892 3242 me
919 3184 1048 3242 illos
1077 3184 1363 3242 abducere
1391 3183 1690 3260 Thestylis
1717 3188 1877 3253 orat;

329 3264 413 3328 Et
436 3264 626 3337 saciet,
655 3264 924 3340 quoniam
955 3263 1188 3321 sordent
1212 3261 1318 3321 tibi
1343 3281 1586 3320 munera
1610 3268 1818 3319 nostra.

407 3342 545 3404 Huc
574 3343 730 3416 ades,
760 3361 795 3400 o
823 3342 1070 3402 formose
1096 3361 1277 3419 puer:
1321 3341 1428 3400 tibi
1453 3341 1577 3399 lilia
1600 3338 1790 3417 plenis

330 3420 490 3479 Ecce
519 3418 709 3479 ferunt
733 3421 797 3479 N
797 3421 1029 3497 ymphae
1055 3420 1298 3480 calathis
1319 3441 1336 3495 3
1380 3420 1486 3478 tibi
1512 3417 1758 3477 candida
1781 3415 1952 3491 Nais,

329 3498 625 3558 Pallentes
653 3500 834 3557 violas
861 3509 919 3559 et
947 3519 1171 3558 summa
1195 3517 1481 3578 papavera
1506 3514 1766 3573 carpens,

329 3578 667 3639 Narcissum
696 3587 755 3637 et
780 3578 980 3637 florem
1015 3579 1211 3657 jungit
1234 3579 1386 3638 bene
1413 3575 1623 3634 olentis
1652 3572 1887 3647 anethi;

320 3651 509 3730 ffum‚
538 3657 694 3715 casia
723 3665 893 3734 atque
922 3658 1047 3716 aliis
1074 3659 1342 3716 intexens
1370 3654 1643 3713 suavibus
1668 3653 1884 3729 herbis,

330 3735 539 3795 Mollia
562 3736 778 3795 luteola
843 3737 989 3813 ingit
1013 3735 1274 3794 vaccinia
1298 3733 1509 3792 caltha.

333 3813 466 3894 Ipse
495 3834 603 3893 ego
631 3835 778 3875 cana
801 3757 992 3892 lpegam
1020 3814 1219 3873 tenera
1246 3812 1521 3887 lanugine
1547 3814 1720 3890 mala,

2218 597 2289 653 10

2220 989 2291 1042 15

2214 1771 2291 1823 25

2213 2164 2290 2216 30

2214 2555 2291 2609 35

2213 2946 2291 3001 40
