2717 4300
1168 307 1401 363 LIBER
1429 307 1529 365 xl.

374 452 454 511 At
471 452 726 532 juvenis,
752 453 959 528 vicisse
985 455 1120 514 dolo
1146 463 1319 532 ratus,
1350 457 1540 516 avolat
1565 457 1691 535 ipse

371 529 552 590 Haud
580 551 759 607 mora,
786 534 1192 611 conversisque
1217 535 1391 612 fugax
1421 536 1672 595 aufertur
1694 536 1957 616 habenis,

372 609 939 688 quadrupedemque
967 613 1379 674 citum.ferrut1‘i
1404 614 1564 672 calce
1592 615 1806 689 fatigat.

371 684 543 745 Vane
570 688 768 764 LiguS,
793 688 1114 767 frustraque
1141 691 1348 748 animis
1376 692 1524 750 elate
1551 692 1830 769 superbis,

369 764 778 843 Nequidquam
803 769 1015 844 patrias
1041 768 1276 828 tentasti
1300 769 1553 828 lubricus
1580 779 1767 841 artes3

370 843 433 901 N
434 863 503 902 ec
527 844 677 902 fraus
704 853 760 903 te
788 845 1357 905 incolumemffallaci
1384 837 1634 921 perferet
1658 848 1852 904 Auno.

373 922 521 979 Haec
549 922 698 980 satur
720 924 902 999 virgo,
930 933 990 983 et
1013 924 1345 1002 pernicibus
1372 924 1545 998 ignea
1567 922 1779 999 plantis

370 999 604 1059 Transit
629 1020 842 1077 equum
869 1020 1061 1075 cursu,
1089 1000 1398 1076 fraenisque
1422 1000 1662 1058 adversa
1686 1000 1987 1077 prehensis
2105 1037 2116 1054 ·

369 1077 770 1154 congreditur,
796 1096 1114 1155 poenasque
1138 1077 1375 1135 inimico
1403 1096 1480 1135 ex
1506 1080 1785 1155 sanguine
1810 1069 2023 1140 sumit:

372 1154 568 1227 Quam
595 1153 760 1213 facile
789 1155 1060 1232 accipiter
1083 1174 1225 1213 saxo
1251 1173 1417 1213 sacer
1442 1155 1561 1214 ales
1588 1157 1660 1215 ab
1688 1157 1803 1216 alto

288 1257 299 1266 ·
370 1233 759 1308 Consequitur
782 1233 991 1309 pennis
1018 1232 1325 1291 sublimem
1349 1232 1413 1292 in
1439 1234 1595 1292 nube
1622 1234 1971 1311 columbam,

371 1312 900 1388 Comprensamque
925 1318 1103 1384 tenet,
1130 1310 1493 1387 pedibusque
1519 1311 1800 1372 eviscerat
1821 1314 1987 1374 uncis
2011 1335 2029 1389 ;

369 1389 525 1447 Tum
551 1407 718 1446 cruor
742 1396 803 1447 et
826 1387 1007 1447 vulsae
1034 1388 1305 1447 labuntur
1329 1388 1402 1447 ab
1430 1388 1646 1448 aethere
1671 1390 1905 1468 plumoe.

446 1469 528 1526 At
552 1486 668 1524 non
696 1466 822 1524 haec
848 1466 1022 1524 nullis
1048 1466 1349 1528 hominum
1376 1475 1530 1525 sator
1554 1487 1588 1526 a
1650 1487 1726 1526 ue
1754 1470 1991 1530 deorum

368 1543 697 1603 Observans
721 1544 923 1619 oculis,
951 1564 1180 1606 summo
1206 1546 1373 1605 sedet
1399 1546 1547 1604 altus
1576 1546 1628 1605 Ο
1652 1566 1845 1625 ympo.

367 1622 732 1700 Tyrrhenum
757 1623 980 1698 genitor
1006 1623 1376 1684 Tarchonem
1402 1624 1462 1681 in
1490 1624 1693 1701 proelia
1716 1644 1870 1684 saeva

369 1701 635 1776 Suscitat,
664 1709 725 1760 et
748 1701 994 1760 stimulis
1020 1701 1174 1760 haud
1202 1702 1470 1761 mollibus
1496 1703 1685 1781 injicit
1709 1704 1840 1763 iras.

368 1780 525 1856 Ergo
550 1780 700 1840 inter
723 1780 916 1838 credes
942 1780 1319 1857 cedentiaque
1345 1781 1578 1857 agmina
1601 1783 1833 1842 Tarcho

367 1857 572 1917 Fertur
597 1877 765 1935 equo,
793 1858 1079 1934 variisque
1105 1858 1339 1935 instigat
1363 1858 1601 1918 vocibus
1629 1860 1765 1936 alas,

366 1935 622 1996 Nomine
646 1955 934 2014 quemque
959 1955 1211 2011 vocans3
1252 1937 1549 2014 reficitque
1576 1938 1638 1995 in
1663 1939 1866 2015 proelia
1888 1938 2124 2016 pulsos:

369 2014 519 2086 Quis
546 2023 753 2090 metm,
782 2034 818 2072 o
844 2035 1136 2092 nunquam
1162 2015 1414 2091 dolituri,
1443 2035 1479 2073 o
1505 2034 1734 2094 semper
1757 2019 1971 2077 inertes

368 2093 672 2171 Tyrrheni,
699 2113 831 2171 quae
859 2102 1016 2154 tanta
1039 2093 1245 2153 animis
1271 2094 1502 2171 ignavia
1524 2095 1727 2154 venit?

369 2172 635 2232 Foemina
655 2173 918 2251 palantes
939 2173 1074 2249 agit,
1103 2182 1273 2249 atque
1300 2173 1429 2232 haec
1456 2174 1686 2249 agmina
1709 2174 1897 2233 vertit.

369 2249 506 2323 Quo
531 2251 783 2310 ferrum?
824 2252 1038 2329 quidve
1064 2251 1192 2310 haec
1217 2251 1473 2326 gerimus
1498 2244 1616 2310 tela
1641 2251 1797 2311 irrita
1820 2252 2081 2311 dextris?

365 2332 448 2388 At
471 2349 587 2388 non
614 2330 674 2388 in
702 2329 996 2389 Venerem
1021 2348 1229 2405 segnes
1254 2338 1649 2406 nocturnaque
1673 2329 1845 2406 bella,

370 2409 505 2482 Aut,
533 2408 634 2466 ubi
660 2428 835 2467 curva
858 2408 1065 2467 choros
1090 2407 1301 2467 indixit
1325 2408 1467 2471 tibia
1492 2407 1732 2483 Bacchi,

368 2486 723 2563 Exspectare
749 2487 926 2564 dapes
953 2494 1013 2545 et
1035 2487 1223 2564 plenoe
1246 2487 1458 2564 pocula
1482 2504 1720 2545 mensas.

368 2564 486 2623 Hic
513 2584 688 2640 amor,
714 2564 828 2623 hoc
853 2560 1128 2640 studium,
1156 2564 1295 2625 dum
1321 2584 1483 2624 sacra
1507 2564 1795 2623 secundus
1820 2563 2112 2642 haruspex

366 2643 633 2719 Nuntiet,
662 2644 728 2701 ac
755 2644 915 2703 lucos
940 2652 1113 2703 vocet
1136 2642 1327 2703 hostia
1351 2643 1583 2722 pinguis
1608 2643 1668 2700 in
1697 2641 1859 2701 altos.

445 2721 593 2779 Haec
619 2721 843 2796 effatus,
870 2741 1086 2800 equum
1112 2721 1174 2780 in
1199 2723 1442 2798 medios,
1470 2721 1776 2780 moriturus
1803 2729 1862 2780 et
1886 2720 2029 2798 ipse,

366 2799 656 2873 Concitat,
685 2807 745 2858 et
768 2800 1003 2861 Venulo
1029 2801 1328 2860 adversum
1357 2821 1421 2859 se
1448 2800 1705 2859 turbidus
1731 2798 1937 2857 infert:
2055 2828 2060 2835 -

370 2878 810 2953 Dereptumque
837 2877 907 2933 ab
935 2896 1083 2953 equo
1109 2878 1311 2937 dextra
1336 2877 1737 2954 complectitur
1760 2875 2008 2951 hostem,

371 2954 452 3013 Et
477 2954 759 3031 gremium
787 2961 920 3011 ante
946 2972 1111 3011 suum
1138 2955 1319 3013 multa
1343 2955 1404 3012 vi
1429 2954 1687 3012 concitus
1713 2955 1914 3013 aufert.

370 3033 621 3093 Tollitur
643 3032 703 3106 in
730 3031 943 3092 coelum
970 3031 1200 3104 clamor,
1228 3032 1536 3107 cunctique
1562 3031 1760 3090 Latini

370 3108 723 3170 Convertere
750 3110 987 3169 oculos:
1029 3107 1186 3169 volat
1210 3107 1414 3183 igneus
1440 3127 1669 3186 mquore
1695 3108 1944 3183 Tarcho,

370 3191 549 3248 Arma
572 3190 875 3266 virumque
899 3188 1128 3247 ferens:
1169 3193 1295 3244 tum
1321 3188 1547 3245 summa
1570 3187 1751 3265 ipsius
1776 3184 1849 3245 ab
1875 3186 2041 3245 hasta

370 3269 658 3344 Defringit
682 3268 911 3340 serrum,
940 3273 1001 3324 et
1023 3272 1217 3342 partes
1241 3263 1478 3323 rimatur
1502 3273 1744 3342 apertas,

373 3346 508 3417 Qua
534 3346 745 3404 vulnus
770 3345 942 3404 letale
967 3343 1128 3402 ferat.
1211 3339 1429 3401 Contra
1454 3341 1553 3401 ille
1580 3344 1905 3419 repugnans

372 3425 627 3482 Sustinet
654 3443 689 3482 a
704 3423 911 3502 jugulo
936 3424 1217 3496 dextram,
1245 3428 1305 3478 et
1327 3420 1449 3477 vim
1473 3420 1691 3478 viribus
1717 3418 1856 3476 exit.

371 3502 571 3578 thue
595 3501 794 3559 volans
821 3498 934 3559 alte
961 3507 1184 3577 raptum
1211 3505 1396 3576 quum*
1416 3497 1574 3557 fulva
1597 3496 1906 3555 draconem

372 3580 511 3638 Fert
536 3579 741 3656 aquila,
767 3578 1165 3655 implicuitque
1190 3577 1391 3654 pedes,
1420 3583 1589 3652 atque
1616 3573 1905 3650 unguibus
1928 3572 2133 3661 haesit3

373 3658 619 3717 Saucius
646 3664 704 3715 at
728 3675 962 3733 serpens
988 3656 1220 3715 sinuosa
1243 3655 1538 3714 volumina
1563 3661 1771 3730 versat,

369 3735 735 3812 Arrectisque
759 3732 953 3792 horret
974 3735 1247 3810 squamis,
1274 3741 1336 3792 et
1360 3733 1554 3792 sibilat
1577 3751 1695 3807 ore,

368 3814 602 3873 Arduus
627 3812 966 3948 ἰυὲιὲιῖοιιες
1007 3812 1107 3870 illa
1129 3811 1283 3870 haud
1312 3807 1505 3870 minus
1532 3819 1695 3888 urget
1719 3809 1947 3869 obunco

2223 315 2328 371 281

2212 699 2330 754 ⁷15

2209 1088 2325 1141 720

2209 1477 2324 1530 725

2204 1868 2321 1921 730

2203 2258 2320 2332 ⁷3⁵

2202 2647 2316 2702 ⁷40

2202 3036 2317 3091 745

2201 3423 2317 3476 750

2069 3772 2316 3864 ”·155
