2717 4300
352 279 464 340 aa)
1163 272 1528 338 AEannos

350 429 543 491 Ardet
562 449 713 509 apex
736 430 935 508 capiti,
963 428 1262 505 cristisque
1289 448 1324 486 a
1346 429 1567 487 vertice
1590 427 1827 488 flamma

351 510 660 584 Funditur,
689 518 750 568 et
772 516 963 567 vastos
988 506 1166 565 umbo
1193 508 1378 566 vomit
1405 525 1613 565 aureus
1640 507 1823 583 ignes.

351 588 415 646 N
416 607 491 646 on
519 605 688 645 secus
714 606 782 648 ac
807 586 1024 663 liquida
1051 586 1100 643 si
1126 586 1355 661 quando
1383 593 1553 643 nocte
1573 595 1816 644 cometae

355 665 670 741 Sanguinei
696 661 935 741 lugubre
964 663 1189 738 rubent,
1219 671 1319 721 aut
1347 664 1530 721 Sirius
1557 664 1755 737 ardor;

354 742 481 817 Ille,
509 744 664 801 sitim
690 742 1032 818 morbosque
1058 741 1249 802 ferens
1275 741 1610 800 mortalibus
1637 742 1823 817 aegris,

350 822 645 895 Nascitur,
672 829 734 879 et
757 821 906 878 laevo
934 819 1231 877 contristat
1254 818 1478 877 lumine
1506 820 1736 878 coelum.

385 907 388 912 ’
429 899 611 956 Haud
638 908 829 957 tamen
857 898 1059 956 audaci
1087 897 1287 954 Turno
1313 898 1527 956 fiducia
1552 899 1726 956 cessit

349 976 570 1035 Littora
593 977 931 1053 praecipere,
956 984 1020 1034 et
1043 975 1344 1032 venientes
1370 976 1588 1053 pellere
1615 975 1782 1034 terra.

357 1053 557 1128 [Ultro
586 1054 809 1112 animos
833 1055 984 1113 tollit
1008 1053 1195 1128 dictis,
1224 1061 1399 1130 atque
1424 1054 1685 1132 increpat
1708 1054 1857 1113 ultro
1879 1054 1926 1132 z]

342 1132 526 1203 Quod
552 1133 704 1190 votis
730 1132 992 1208 optastis,
1020 1132 1202 1206 adest,
1229 1130 1582 1207 perfringere
1609 1133 1850 1198 dextraz

350 1209 421 1267 In
450 1210 715 1268 manibus
736 1210 909 1268 Mars
933 1210 1079 1287 ipse,¹
1103 1210 1250 1268 viri:
1294 1229 1449 1268 nunc
1476 1210 1740 1288 conjugis
1768 1217 1892 1269 esto
1937 1271 1944 1278 ,

351 1287 618 1365 Quisque
645 1307 768 1362 εμπ
797 1288 1054 1365 tectique
1080 1305 1336 1346 memor:
1380 1307 1538 1346 nunc
1565 1308 1777 1365 magna
1801 1288 2007 1347 referto

347 1366 547 1442 Facta,
575 1376 803 1444 patrum
830 1368 1032 1425 laudes
1051 1386 1079 1423 ε’
1109 1367 1258 1424 ultro
1285 1385 1653 1425 occurramus
1680 1369 1753 1425 ad
1778 1368 2014 1443 undam,

347 1445 510 1501 Dum
538 1445 767 1522 trepidi,
790 1444 1119 1521 egressique
1146 1444 1342 1502 labant
1367 1445 1611 1521 vestigia
1634 1446 1837 1522 prima.

345 1511 646 1581 Audentes
672 1523 899 1581 fortuna
913 1525 1099 1601 juvat.
1240 1545 1247 1548 ·
1423 1558 1432 1561 0

347 1601 498 1657 Haec
525 1602 636 1674 ait;
679 1610 741 1660 et
764 1620 962 1659 secum
988 1607 1196 1675 versat,
1224 1613 1368 1675 quos
1394 1601 1605 1659 ducere
1632 1598 1849 1678 eontra,

346 1676 462 1735 Vel
488 1679 701 1755 quibus
726 1679 991 1738 obsessos
1016 1678 1201 1756 possit
1225 1679 1572 1738 concredere
1600 1697 1815 1738 muros.

425 1756 654 1815 Interea
672 1757 896 1816 AEneas
920 1757 1208 1816 sociosffide
1233 1756 1683 1834 puppibus‘altis

231 1903 237 1909 Ι
346 1832 628 1894 Pontibus
654 1837 912 1927 exponit.
993 1834 1174 1894 Multi
1201 1854 1429 1894 servare
1457 1845 1722 1895 recursus

344 1913 697 1990 Languentis
768 1914 937 1990 elagi,
965 1922 1027 1972 et
1050 1912 1322 1971 brevibus
1349 1932 1414 1971 se
1440 1915 1676 1972 credere
1702 1914 1850 1973 saltu
1874 1932 1894 1987 ;

346 1992 462 2064 Per
488 2010 677 2051 remos
760 1992 820 2051 ii.
906 1991 1249 2069 Speculatus
1274 1990 1466 2056 littora
1491 1992 1741 2068 Tarcho,
1873 2061 1880 2066 ,

345 2069 484 2141 Qua
510 2071 658 2135 vada
680 2088 800 2128 non
827 2070 1060 2147 spirant,
1088 2088 1200 2128 nec
1225 2068 1403 2130 fracta
1430 2079 1807 2129 remurmurat
1828 2069 2005 2144 unda,

345 2148 462 2215 Sed
492 2168 649 2208 mare
675 2148 1024 2219 inoffensum
1051 2148 1336 2208 crescenti
1364 2147 1630 2219 allabitur
1657 2157 1818 2225 aestu,

342 2227 608 2289 Advertit
633 2227 821 2289 subito
848 2248 1063 2308 proras,
1090 2229 1392 2306 sociosque
1419 2236 1714 2306 precatur:

341 2306 405 2366 Ν
406 2326 539 2382 unc,
566 2327 602 2365 o
628 2308 780 2379 lecta
804 2327 1029 2384 manus,
1058 2308 1263 2366 validis
1290 2306 1608 2366 incumbite
1634 2307 1841 2382 remis3
1996 2315 2000 2319 ’

343 2384 576 2460 Tollite,
603 2386 747 2449 fem
773 2395 959 2461 rates;
1000 2387 1295 2444 inimicam
1322 2386 1524 2444 findite
1551 2387 1746 2444 rostris
1948 2386 1953 2391 ’

342 2462 516 2522 Hanc
543 2474 770 2541 terram,
798 2462 1279 2540 sulcumque-sibi
1303 2473 1531 2541 premat
1556 2465 1682 2542 ipsa
1707 2464 1918 2523 carinas

342 2540 635 2618 Frangere
661 2562 772 2601 nec
798 2542 899 2602 tali
923 2543 1165 2621 puppim
1193 2543 1437 2600 statione
1463 2554 1687 2618 recuso,
1773 2546 1774 2551 ’

340 2617 587 2696 Ari-epta
616 2621 821 2679 tellure
847 2621 1046 2679 semel.
1133 2619 1284 2690 Quae
1313 2619 1449 2677 talia
1474 2628 1782 2697 postquam

340 2696 568 2756 Effatus
595 2698 843 2774 Tarcho,
871 2699 1013 2757 socii
1040 2714 1383 2772 consurgere
1410 2697 1610 2772 tonsis,

342 2775 803 2854 spumantesque
825 2785 974 2835 rates
1002 2775 1150 2834 arvis
1174 2774 1385 2833 inferre
1414 2776 1635 2835 Latinis
1656 2797 1676 2850 3

341 2850 551 2912 Donec
575 2862 755 2913 rostra
778 2864 981 2915 tenent
1004 2855 1242 2928 siceum,
1271 2862 1331 2912 et
1357 2853 1561 2912 sedere
1588 2855 1801 2918 carinae

341 2931 561 2991 Omnes
587 2933 888 2995 innocuae:
931 2933 1035 2992 sed
1060 2951 1178 2993 non
1203 2933 1415 3010 puppis
1441 2943 1557 3009 tua,
1585 2933 1849 3009 Tarch03

338 3011 613 3089 Namque
640 3011 856 3071 inflicta
879 3012 1042 3071 vadis
1069 3012 1238 3069 dorso
1265 3013 1404 3071 dum
1432 3015 1651 3090 pendet
1674 3010 1906 3090 iniquo,

338 3091 594 3168 Anceps,
622 3098 938 3149 sustentata
964 3091 1083 3165 diu,
1109 3088 1432 3167 fluctusque
1461 3092 1673 3168 fatigat,

343 3166 614 3244 Solvitur,
644 3177 814 3246 atque
839 3169 994 3243 yiros
1021 3169 1228 3239 mediis
1257 3171 1500 3246 exponit
1524 3171 1584 3228 in
1613 3168 1817 3240 undis3

338 3245 649 3321 Fragmina
672 3266 963 3306 remorum
990 3266 1135 3323 quos
1160 3254 1219 3304 et
1243 3246 1528 3307 fluitantia
1553 3257 1793 3306 transtra
1907 3294 1910 3303 ί

340 3323 694 3401 Impediunt,
722 3325 1072 3402 retrahitque
1096 3326 1308 3402 pedem
1335 3326 1507 3385 simul
1533 3326 1690 3384 unda
1715 3322 1997 3383 relabens.

417 3400 551 3461 Nec
578 3404 846 3462 Turnum
873 3404 1067 3480 segnis
1092 3404 1300 3463 retinet
1319 3406 1523 3476 ωσι-η
1566 3403 1669 3463 sed
1698 3403 1845 3480 rapit
1871 3416 2008 3462 acer

340 3480 550 3539 Totam
577 3482 773 3540 aciem·
788 3483 846 3541 in
874 3482 1158 3557 Teucros,
1186 3490 1246 3540 et
1271 3480 1471 3541 contra
1497 3482 1555 3539 in
1585 3482 1773 3539 littore
1799 3481 1965 3540 sistit.

341 3559 519 3635 Signa
544 3569 773 3618 canunt.
856 3562 1084 3631 Primus
1109 3568 1324 3618 turmas
1350 3558 1836 3635 invasitagrestes

337 3637 579 3713 AEneas,
609 3658 779 3697 omen
805 3657 1053 3715 pugnae3
1096 3639 1408 3717 stravitque
1435 3638 1692 3713 Latinos,

339 3715 552 3775 Occiso
580 3715 873 3788 Therone,
902 3715 1089 3772 viram
1116 3717 1218 3790 qui
1244 3713 1533 3772 maximus
1559 3716 1711 3774 ultro

264 3811 268 3816 ·
337 3793 571 3853 AEnean
598 3794 775 3870 petit:
816 3791 955 3848 huic
982 3790 1193 3867 gladio,
1221 3811 1440 3869 perque
1468 3811 1620 3852 aerea
1645 3802 1791 3871 suta,

2161 823 2310 879 -275
2397 887 2410 902 ⁸

2191 1214 2309 1269 280

2188 1997 2305 2050 29⁰

2187 2387 2306 2442 2⁹5

2123 3582 2128 3589 ·
2183 3564 2300 3620 ³1⁰
