2717 4300
344 321 456 376 234
564 345 573 350 ·
1170 315 1537 372 AENEIDos

348 468 556 541 Quave
584 468 832 545 sequar?
874 466 1105 525 Rursus
1129 466 1472 543 perplexum
1500 465 1609 523 iter
1636 483 1809 524 omne
1836 464 2144 525 revolvens

267 595 282 608 .
345 546 597 606 Fallacis
624 547 806 621 silvae,
835 544 1004 604 simul
1033 553 1092 602 et
1116 543 1359 620 vestigia
1385 552 1535 602 retro

347 626 664 684 Observata
689 625 847 700 legit,
876 623 1179 699 dumisque
1207 622 1507 681 silentibus
1535 629 1699 679 errat.

343 705 526 762 Audit
552 722 752 780 equos,
781 701 938 760 audit
965 702 1231 779 strepitus
1259 708 1318 757 et
1343 701 1509 776 signa'
1535 699 1900 777 sequentum.

342 782 476 840 Nec
501 783 739 857 longum
764 780 825 837 in
853 781 1047 836 medio
1074 790 1322 857 tempus,
1352 798 1531 854 quum
1560 778 1778 837 clamor
1804 779 1874 837 ad
1904 797 2070 838 aures

344 860 639 934 Pervenit,
669 877 737 916 ac
762 858 924 915 videt
951 858 1290 935 Euryalum,
1320 876 1493 934 quem
1513 859 1870 935 jam-manus
1897 856 2105 933 omnis,

341 937 571 996 Fraude
598 936 712 995 loci
738 944 797 994 et
822 938 1025 1012 noctis,
1056 937 1244 994 subito
1268 936 1532 994 turbante
1560 936 1828 1013 tumultu,

344 1016 697 1093 Oppressum
725 1014 873 1091 rapit
900 1024 958 1073 et
985 1023 1290 1073 conantem
1318 1014 1565 1092 plurima
1591 1013 1812 1072 frustra.

344 1094 505 1170 Quid
530 1094 743 1152 saciat?
785 1093 900 1170 qua
924 1094 983 1151 vi
1001 1096 1300 1172 juvenem,
1329 1093 1536 1170 quibus
1564 1093 1773 1152 audeat
1798 1092 1971 1150 armis

341 1172 632 1249 Eripere?
675 1190 745 1229 an
774 1189 902 1228 sese
930 1173 1151 1230 medios
1180 1172 1482 1229 moriturus
1508 1171 1566 1228 in
1598 1190 1765 1229 enses

342 1250 573 1325 Inserat,
603 1259 662 1308 et
686 1249 984 1327 pulchram
1013 1253 1278 1328 properet
1302 1270 1408 1327 per
1433 1249 1672 1308 vulnera
1697 1251 1984 1309 mortem?

342 1325 521 1386 Ocius
549 1330 796 1386 adducto
823 1336 1096 1404 torquens
1124 1329 1330 1386 hastile
1358 1329 1592 1403 lacerto,

343 1407 673 1484 Suspiciens
701 1407 874 1465 altam
900 1407 1118 1483 lunam,
1148 1408 1229 1465 sic
1257 1427 1406 1466 voce
1428 1416 1729 1484 precatur:

340 1484 454 1563 Tu,
483 1487 610 1561 dea,
638 1494 703 1543 tu
729 1504 985 1562 praesens
1014 1497 1206 1543 nostro
1235 1505 1505 1544 succurre
1533 1485 1733 1561 labori,

340 1564 637 1620 Astrorum
666 1564 861 1634 decus,
890 1572 950 1621 et
974 1583 1273 1621 nemorum
1302 1565 1546 1622 Latonia
1572 1573 1782 1622 custos.

345 1639 409 1695 Si
434 1660 550 1715 qua
573 1641 688 1698 tuis
715 1660 965 1716 unquam
988 1661 1090 1719 pro
1119 1662 1211 1699 me
1239 1651 1401 1720 pater
1429 1643 1718 1718 Hyrtacus
1746 1642 1857 1700 aris

343 1716 516 1773 Dona
541 1718 708 1789 tulit}
752 1719 802 1774 si
829 1737 941 1793 qua
966 1720 1091 1794 ipse
1119 1721 1263 1778 meis
1290 1720 1593 1778 venatibus
1622 1721 1777 1795 auxi,

347 1794 716 1870 Suspendive
742 1794 921 1869 thole,
951 1803 1049 1854 aut
1075 1818 1241 1856 sacra
1260 1800 1331 1856 ad
1358 1800 1583 1875 fastigia
1609 1799 1749 1872 fixi3

343 1871 524 1929 Hunc
554 1872 677 1929 sine
705 1890 800 1929 me
828 1874 1053 1931 turbare
1082 1875 1335 1949 globum,
1366 1887 1424 1936 et
1450 1897 1585 1953 rege
1612 1878 1727 1936 tela
1751 1896 1855 1955 per
1881 1895 2061 1935 auras.

340 1950 625 2024 ‘Dixerat3
668 1959 728 2008 et
740 1957 872 2008 -toto
901 1952 1182 2009 connixus
1211 1971 1449 2029 corpore
1476 1956 1685 2013 ferrum
1717 2009 1722 2010 ff

344 2027 632 2106 Conjicit:
676 2028 1064 2095 hasta‘volans
1093 2030 1277 2088 noctis
1311 2027 1632 2089 diverberat
1656 2033 1905 2110 umbras,

345 2106 427 2180 Et
451 2107 612 2167 venit
639 2107 823 2165 aversi
849 2107 908 2165 in
938 2116 1159 2184 tergum
1181 2108 1504 2183 Sulmonis,
1532 2107 1728 2187 ibique

343 2184 667 2262 Frangitur,
696 2205 762 2245 ac
791 2187 926 2245 fisso
952 2188 1153 2246 transit
1177 2188 1493 2266 praecordia
1517 2188 1692 2265 ligno.

342 2264 612 2325 Volvitur
636 2265 735 2324 ille
762 2284 1009 2324 vomens
1033 2267 1284 2325 calidum
1314 2268 1388 2324 de
1415 2275 1650 2344 pectore
1676 2264 1896 2325 flumen

224 2348 235 2357 ⁸
343 2343 718 2437 Frigidum-et
744 2344 931 2420 longis
960 2346 1302 2421 singultibus
1329 2346 1429 2402 ilia
1453 2345 1659 2423 pulsat.

344 2422 577 2481 Diversi
604 2424 1090 2501 circumspiciunt.
1175 2425 1308 2481 Hoc
1340 2424 1522 2481 acrior
1548 2425 1704 2482 idcm

343 2499 508 2559 Ecce
534 2501 689 2559 aliud
717 2503 947 2559 summa
974 2500 1150 2560 telum
1177 2502 1423 2561 librabat
1450 2502 1520 2560 ab
1550 2521 1685 2561 aure
1710 2520 1724 2557 t

343 2579 502 2637 Dum
529 2579 831 2656 trepidant,
862 2580 928 2637 iit
951 2580 1115 2638 hasta
1141 2581 1304 2656 Tago
1330 2599 1436 2657 per
1462 2590 1693 2658 tempus
1720 2588 2047 2658 utrumque,
2095 2555 2102 2559 p

347 2658 624 2733 StridenS,
652 2660 1002 2734 tra'ectoque
1029 2658 1200 2717 haesit
1224 2658 1386 2736 tepes
1398 2667 1512 2716 tcta
1537 2658 1789 2716 cerebro.

347 2736 526 2793 Saevit
553 2744 713 2794 atrox
801 2735 1046 2810 olscens,
1074 2754 1182 2792 nec
1210 2737 1309 2794 teli
1337 2736 1618 2813 conspicit
1644 2756 1883 2814 usquam

343 2815 674 2888 Auctorem,
701 2832 813 2871 nec
838 2810 952 2888 quo
983 2833 1043 2870 se
1073 2815 1278 2871 ardens
1304 2814 1612 2873 immittere
1639 2817 1856 2893 possit:

343 2891 439 2949 Tu
467 2901 659 2950 tamen
688 2892 909 2949 interea
935 2891 1123 2949 calido
1152 2892 1296 2949 mihi
1324 2894 1602 2969 sanguine
1627 2914 1830 2972 poenas

342 2969 646 3028 Persolves
673 2969 999 3045 amborum,
1019 2970 1219 3047 inquit.
1306 2971 1502 3030 Simul·
1518 2993 1656 3032 ense
1684 2975 1907 3032 recluso
1990 2985 1996 2993 ’

344 3046 474 3107 Ibat
497 3048 558 3106 in
587 3049 682 3106 Eu
753 3048 925 3105 alum.
1010 3049 1167 3106 Tum
1195 3046 1332 3106 vero
1364 3053 1684 3129 exterritus,
1715 3071 1934 3128 amens,

343 3125 684 3185 Conclamat
773 3126 928 3198 isus;
972 3145 1081 3184 nec
1110 3147 1171 3185 se
1200 3127 1386 3195 celare
1414 3128 1663 3187 tenebris

341 3202 627 3281 Amplius,
658 3213 755 3263 aut
779 3213 999 3263 tantum
1070 3206 1213 3264 otuit
1237 3206 1488 3283 perferre
1516 3208 1767 3265 dolorem
1792 3225 1808 3265 :

342 3281 468 3356 Me,
498 3301 628 3355 me;
671 3284 870 3341 adsum
899 3283 996 3360 qui
1047 3286 1173 3363 eci;
1216 3285 1275 3342 in
1305 3304 1400 3342 me
1428 3284 1741 3343 convertite
1767 3284 1996 3362 serrum,

345 3359 398 3417 O
424 3360 669 3433 Rutuli3
711 3381 843 3420 mea
867 3362 1021 3421 fraus
1049 3363 1234 3420 omnis
1258 3383 1272 3420 τ
1314 3364 1461 3421 nibil
1489 3363 1597 3420 iste
1624 3380 1734 3420 nec
1762 3381 1954 3440 ausus,

341 3437 476 3496 Nec
500 3439 724 3531 potuit:
768 3440 977 3498 coelum
1004 3441 1116 3500 hoc
1145 3449 1204 3500 et
1229 3441 1462 3499 conscia
1487 3441 1675 3498 sidera
1698 3447 1912 3501 testor:

343 3515 595 3574 Tantum
623 3517 915 3575 infelicem
944 3517 1187 3577 nimium
1215 3519 1420 3578 dilexit
1445 3518 1711 3576 amicum.

343 3593 512 3650 Talia
538 3594 691 3653 dicta
716 3596 922 3668 dabat:
965 3598 1067 3654 sed
1092 3598 1309 3657 viribus
1336 3597 1491 3654 ensis
1520 3596 1751 3655 adactus

343 3670 671 3730 Transabiit
697 3681 902 3746 costas,
931 3683 993 3730 et
1016 3676 1259 3733 candida
1282 3683 1516 3752 pectora
1542 3674 1769 3752 rumpit.

342 3746 612 3806 Volvitur
639 3749 926 3824 Euryalus
952 3749 1091 3823 leto,
1115 3752 1499 3827 pulchrosque
1511 3771 1630 3828 ‚per
1655 3761 1807 3811 artus
1855 3822 1860 3827 Ι

345 3823 402 3883 1t
426 3843 609 3901 cruor,
635 3825 812 3900 inque
837 3825 1109 3884 humeros
1135 3829 1330 3886 cervix
1358 3829 1614 3908 collapsa
1639 3829 1958 3889 recumbit:

2188 783 2304 837 395

2185 1165 2301 1229 400

2184 1569 2300 1621 405

2184 1960 2300 2013 410

2187 2352 2301 2405 415

2184 2744 2303 2799 420

2185 3137 2301 3190 425
