2717 4300
364 342 454 410 fis
1068 347 1633 405 Gssonercortum

374 488 610 573 Belgica
638 499 722 556 vel
751 499 906 556 molli
933 495 1137 556 melius
1165 499 1307 556 feret
1332 499 1535 555 esseda
1561 497 1724 556 colle.

376 576 532 633 Tum
561 579 789 634 demum
818 577 1008 633 crassa
1035 594 1305 652 magnum
1338 577 1619 652 farragine
1647 594 1854 651 corpus
2196 578 2316 636 205

377 655 650 711 Crescere
676 655 793 729 jam
821 656 1047 711 domitis
1076 657 1276 723 sinit03
1320 675 1565 730 namque
1596 669 1725 712 ante
1753 655 2104 711 domandum
2266 658 2272 665 ’

376 730 651 806 Ingentes
678 733 876 790 tollent
905 733 1154 801 animos3
1198 734 1499 808 prensique
1527 735 1822 808 negabunt

375 810 630 867 Verbera
659 811 813 868 lenta
840 811 980 886 pati,
1007 823 1065 866 et
1093 812 1250 868 duris
1278 830 1476 885 parere
1505 812 1723 885 lupatis

455 889 570 944 Sed
602 908 716 945 non
749 886 863 945 ulla
891 887 1074 964 magis
1102 890 1245 945 vires
1273 890 1553 946 industria
1580 890 1783 960 firmat,

372 964 573 1026 Quam
601 968 882 1024 Venerem
913 978 970 1023 et
998 968 1138 1023 caeci
1164 967 1424 1033 stimulos
1452 979 1702 1024 avertere
1733 967 1959 1039 amoriS,
2194 969 2314 1027 210

376 1045 508 1100 Sive
537 1045 726 1117 boum,
751 1045 868 1101 sive
895 1055 982 1101 est
1008 1046 1101 1101 cui
1130 1046 1336 1120 gratior
1367 1064 1502 1101 usus
1529 1053 1815 1120 equorum:

375 1124 573 1197 Atque·
593 1123 721 1180 ideo
749 1136 937 1180 tauros
964 1124 1157 1198 procul
1190 1134 1355 1197 atque
1385 1125 1444 1180 in
1473 1124 1593 1180 sola
1621 1124 1874 1198 relegant

373 1199 616 1277 Pascua,
647 1208 773 1276 post
794 1212 1041 1258 montem
1069 1203 1407 1277 oppositum,
1435 1211 1494 1258 et
1520 1213 1676 1259 trans
1703 1201 1938 1258 fiumina
1963 1201 2115 1271 lata;

374 1276 495 1335 'Ailt
524 1277 676 1335 intus
697 1280 918 1336 clausos
944 1291 1136 1336 satura
1164 1281 1231 1335 ad
1260 1280 1533 1355 praesepia
1560 1289 1799 1336 servant.

373 1355 569 1431 Carpit
596 1358 747 1414 enim
779 1359 923 1414 vires
952 1357 1244 1432 paulatim,
1273 1358 1494 1432 uritque
1523 1358 1787 1429 vidend0,
2195 1358 2316 1416 215

372 1433 655 1505 Femina,
685 1455 794 1492 nec
822 1454 1120 1492 nemorum
1148 1436 1355 1511 patitur
1383 1436 1712 1492 meminisse
1739 1454 1850 1492 nec
1879 1435 2086 1492 herbae.

371 1513 654 1570 Dulcibus
677 1514 772 1570 illa
797 1515 1024 1589 quidem
1056 1514 1335 1569 illecebris
1363 1525 1421 1569 et
1441 1511 1591 1588 saepe
1621 1515 1893 1587 superbos

372 1590 657 1647 Cornibus
687 1592 833 1648 inter
863 1610 924 1647 se
951 1591 1165 1665 subigit
1190 1592 1501 1647 decernere
1530 1602 1802 1648 amantes.

366 1660 630 1726 Pascitur
661 1670 718 1725 in
746 1669 959 1744 magna
991 1669 1130 1726 silva
1161 1670 1403 1726 formosa
1423 1669 1708 1744 juvenca:

371 1745 461 1803 Illi
490 1747 835 1804 alternantes
860 1746 1039 1803 multa
1069 1746 1120 1802 vi
1142 1747 1341 1823 proelia
1370 1748 1614 1804 miscent
2191 1748 2313 1806 220

369 1822 719 1882 Vulneribus
746 1825 960 1883 crebris
983 1844 997 1893 ς
1040 1825 1173 1882 lavit
1200 1835 1318 1882 ater
1346 1844 1583 1900 corpora
1612 1825 1866 1900 sanguiS,

369 1900 663 1977 Versaque
693 1905 750 1961 in
779 1904 1018 1961 obnixos
1047 1914 1318 1978 urgentur
1341 1916 1744 1960 cornua‘vasto

370 1979 519 2037 Cum
548 1983 761 2056 gemitu
782 2001 794 2014 ·
837 1981 1074 2038 reboant
1094 1982 1358 2055 silvasque
1381 1992 1439 2038 et
1465 1981 1669 2056 longus
1694 1980 1995 2056 Olympus.

364 2050 498 2116 Nec
526 2079 648 2117 mos
677 2060 950 2117 bellantes
979 2059 1094 2116 una
1120 2060 1437 2128 stabulare3
1494 2060 1594 2116 sed
1624 2061 1763 2116 alter

367 2136 572 2195 Victus
601 2138 736 2209 abit,
763 2134 1045 2214 longeque
1073 2137 1282 2214 ignotis
1309 2138 1501 2196 exulat
1525 2139 1661 2212 oris,
2192 2136 2312 2197 w

370 2216 559 2274 Multa
585 2231 821 2291 gemens
850 2217 1243 2292 ignominiam,
1273 2218 1579 2293 plagasque
1607 2216 1838 2292 superbi

367 2294 639 2365 Victoris,
670 2308 789 2353 tum
819 2313 958 2370 quos
988 2295 1176 2353 amisit
1204 2297 1419 2353 inultus
1448 2313 1668 2354 amores
1685 2316 1701 2365 3

367 2371 442 2429 Et
469 2374 690 2431 stabula
718 2375 1056 2449 adspectans
1084 2374 1547 2448 regnisexcessit
1574 2375 1753 2431 avitis.

364 2443 523 2527 Ergo
550 2454 706 2509 omni
735 2454 874 2509 cura
903 2454 1048 2509 vires
1075 2463 1324 2521 exercet,
1355 2463 1414 2507 et
1440 2452 1588 2507 inter

367 2530 530 2587 Dura
552 2530 708 2604 jacet
735 2549 949 2604 pernox
975 2530 1213 2586 instrato
1238 2547 1377 2586 saxa
1404 2529 1600 2599 cubili,
2190 2529 2313 2587 230

368 2607 692 2666 Frondibus
721 2609 950 2664 hirsutis
977 2620 1034 2664 et
1061 2608 1250 2665 carice
1278 2618 1473 2682 pastus
1500 2606 1669 2664 acuta
1693 2626 1705 2663 ε

366 2685 442 2743 Et
469 2698 649 2744 tentat
675 2705 819 2755 sese,
849 2695 1016 2760 atque
1044 2685 1210 2742 irasci
1240 2685 1297 2741 in
1326 2703 1541 2742 cornua
1566 2684 1756 2754 discit,

367 2764 606 2821 Arboris
633 2764 876 2820 obnixus
906 2774 1146 2831 trunc03
1189 2773 1498 2836 ventosque
1526 2762 1760 2820 lacessit

368 2837 606 2911 Ictibus,
633 2853 693 2898 et
719 2842 914 2915 sparsa
942 2843 1015 2899 ad
1042 2859 1292 2916 pugnam
1323 2842 1574 2916 proludit
1604 2841 1795 2898 arenfi.

367 2918 523 2990 Post,
554 2921 648 2977 ubi
677 2920 979 2982 collectum
1009 2921 1179 2976 robur
1208 2920 1463 2995 viresque
1491 2920 1739 2991 refectae,
2190 2919 2312 2978 235

368 3000 548 3074 Signa
575 3012 778 3067 movet,
807 3015 1168 3073 praecepsque
1194 2998 1433 3055 oblitum
1462 2998 1638 3055 fertur
1667 2998 1725 3055 in
1749 2999 2009 3056 hostem:

367 3076 606 3136 Fluctus
637 3075 714 3134 uti
748 3078 936 3134 medio
963 3077 1134 3152 coepit
1160 3095 1338 3151 quum
1368 3077 1655 3134 albescere
1682 3088 1876 3152 ponto,

368 3155 623 3233 Longius
647 3175 718 3213 ex
746 3156 969 3230 altoque
999 3154 1187 3211 sinum
1217 3154 1390 3211 trahit
1415 3175 1429 3224 ;
1472 3167 1667 3230 utque,
1697 3156 1918 3211 volutus

368 3236 462 3291 Ad
494 3250 689 3304 terrae,
720 3234 968 3294 immane
999 3248 1163 3290 sonat
1183 3253 1284 3308 per
1316 3253 1471 3303 saxa,
1500 3249 1686 3308 neque
1716 3233 1839 3307 ipso
2182 3285 2186 3296 ,

367 3312 569 3371 Monte
597 3316 783 3371 minor
808 3312 1127 3389 procumbit
1152 3332 1166 3380 3
1211 3323 1268 3368 at
1295 3314 1409 3369 ima
1435 3322 1708 3368 exaestuat
1736 3310 1893 3367 unda
2192 3310 2313 3366 240

366 3390 714 3460 verticibus,
744 3392 1077 3466 nigramque
1106 3388 1218 3448 alte
1248 3391 1529 3466 subjectat
1557 3405 1818 3447 arenam.¹

444 3468 637 3525 Omne
668 3470 810 3548 amieo
840 3489 1023 3544 genus
1051 3470 1110 3527 in
1140 3469 1305 3526 terris
1336 3470 1760 3541 hominumque,
1782 3467 2163 3542 ferarumque,

364 3546 443 3603 Et
470 3566 659 3622 genus
683 3559 1028 3621 aequor'eum,
1058 3548 1330 3623 pecudem,
1358 3549 1637 3621 pictaeque
1667 3545 1941 3617 volucr-ee,

366 3623 435 3683 I'n
462 3626 638 3683 'furias
667 3625 970 3701 ignemque
989 3639 1172 3682 ‘ruunt
1196 3644 1209 3682 :
1253 3643 1411 3681 amor
1436 3624 1703 3680 omnibus
1732 3624 1900 3680 idem.
1983 3635 1992 3644 “

367 3703 656 3779 Tempore
686 3719 799 3759 non
833 3704 943 3759 alio
964 3703 1287 3759 catulorum
1315 3703 1491 3759 oblita
1516 3702 1699 3759 terena
2190 3700 2312 3760 245

368 3783 580 3839 Saevior
607 3781 816 3838 erravit
843 3781 1062 3854 campis
1085 3799 1098 3836 ε
1141 3799 1253 3838 nec
1282 3781 1483 3838 funera
1511 3777 1682 3854 vulgo

366 3861 519 3921 Tam
547 3859 724 3918 multa
752 3858 1021 3917 informes
1046 3858 1164 3915 ursi
1187 3870 1544 3933 stragemque
1567 3857 1786 3918 dedere
