2717 4300
321 279 429 336 2110
1122 278 1483 338 AENEIDOS

325 429 611 487 Concedit
637 429 889 505 laudem,
920 443 977 489 et
1002 432 1233 508 paribus
1262 451 1378 488 non
1406 431 1627 490 invidet
1654 432 1842 491 armis.

327 509 554 566 Caetera
579 529 770 586 parce,
799 526 958 587 puer,
991 509 1158 567 bello.
1247 510 1342 567 Sic
1373 529 1534 567 orsus
1562 510 1775 586 Apollo

328 586 604 645 Mortales
631 589 822 645 medio
851 588 1157 664 adspectus
1185 605 1450 644 sermone
1478 587 1724 664 reliquit,

310 665 407 723 'Et
438 666 639 743 procul
666 666 725 723 in
755 676 989 734 tenuem
1019 685 1094 723 ex
1121 666 1304 724 oculis
1331 666 1566 723 evanuit
1593 686 1806 724 auram.

326 742 633 818 Agnovere
662 745 833 802 deum
861 763 1127 822 proceres
1154 745 1463 819 divinaque
1492 743 1606 802 tela
1727 746 1734 758 ’

325 821 694 897 Dardanidae,
721 823 1161 900 pharetramque
1186 822 1323 898 fuga
1351 820 1584 879 sensere
1612 832 1931 881 sonantem.

326 900 482 975 Ergo
511 901 742 958 avidum
769 920 981 979 pugnae
1010 901 1179 959 dictis
1207 920 1273 958 ac
1300 900 1540 958 numine
1568 900 1779 959 Phoebi
1872 899 1878 910 ‘

316 977 637 1036 Ascanium
665 979 974 1057 prohibent
997 999 1009 1036 :
1053 980 1164 1057 ipsi
1192 980 1253 1037 in
1281 979 1597 1036 certamina
1621 998 1816 1037 rursus

323 1056 673 1133 Succedunt,
703 1059 1037 1134 animasque
1063 1058 1123 1116 in
1153 1067 1346 1136 aperta
1371 1057 1627 1133 pericula
1652 1058 1902 1116 mittunt.

325 1130 379 1193 It
404 1135 620 1194 clamor
645 1137 776 1195 totis
803 1156 909 1214 per
933 1136 1365 1213 propugnacula
1389 1135 1566 1194 muris
1589 1154 1603 1193 :

326 1214 642 1274 intendunt
668 1234 830 1273 acres
858 1234 1041 1291 arcus,
1073 1225 1416 1290 amentaque
1444 1222 1727 1290 torquent.

325 1292 607 1351 Sternitur
633 1293 1018 1352 omnesolum
1047 1294 1211 1352 telis:
1255 1300 1377 1350 tum
1404 1300 1569 1350 scuta
1594 1311 1867 1368 cavaeque

323 1371 483 1429 Dant
511 1372 760 1436 sonitum
786 1372 948 1430 flictu
975 1372 1153 1448 galeae
1178 1392 1191 1429 ε
1233 1390 1432 1449 pugna
1458 1391 1660 1449 aspera
1685 1372 1899 1446 surgit;

326 1450 594 1519 Quantus
623 1451 693 1509 ab
722 1469 929 1508 occasu
955 1451 1199 1508 veniens
1226 1449 1576 1527 pluvialibus
1605 1450 1810 1508 Haedis

324 1525 606 1587 Verberat
630 1528 815 1586 imber
840 1528 1083 1587 humum
1107 1548 1123 1601 ;
1167 1525 1339 1605 quam
1369 1528 1550 1586 multa
1578 1529 1853 1603 grandine
1880 1527 2064 1587 nimbi

325 1605 392 1662 In
421 1607 569 1663 vada
592 1607 968 1683 praecipitant,
997 1626 1181 1682 quum
1206 1606 1433 1682 Jupiter
1458 1606 1721 1664 horridus
1751 1608 1953 1665 austris

323 1684 582 1760 Torquet
608 1704 883 1761 aquosam
908 1685 1182 1759 hiemem,
1213 1693 1272 1743 et
1297 1685 1443 1742 coelo
1473 1703 1616 1742 cava
1642 1684 1841 1742 nubila
1867 1685 2094 1764 rumpit.

399 1762 694 1821 Pandarus
722 1772 781 1821 et
806 1763 1010 1839 Bitias,
1042 1763 1200 1821 Idaeo
1229 1764 1513 1821 Alcanore
1543 1764 1702 1839 creti,

324 1840 489 1911 Quos
514 1840 676 1899 Jovis
703 1842 904 1900 eduxit
929 1842 1063 1900 luco
1090 1842 1363 1901 silvestris
1393 1842 1555 1917 Iaera,

322 1919 626 1978 Abietibus
644 1922 892 1999 juvenes
919 1922 1114 1998 patriis
1143 1931 1200 1979 et
1226 1921 1517 1979 montibus
1546 1938 1760 1996 aequos,

322 1997 571 2074 Portam,
601 2019 729 2075 quae
758 1999 920 2057 ducis
946 1999 1187 2075 imperio
1217 2000 1542 2074 commissa,
1572 1998 1898 2057 recludunt.

323 2077 483 2135 Freti
510 2078 702 2154 armiS,
730 2078 997 2155 ultroque
1025 2078 1271 2136 invitant
1296 2077 1582 2135 moenibus
1609 2078 1854 2136 hostem.

325 2155 442 2233 Ipsi
470 2157 624 2215 intus
653 2157 852 2216 dextra
881 2176 948 2215 ac
976 2158 1126 2215 laeva
1150 2177 1253 2235 pro
1281 2158 1527 2216 turribus
1555 2158 1796 2232 adstant,

323 2235 544 2293 Armati
569 2235 741 2312 ferro,
772 2244 830 2295 et
856 2237 1041 2295 cristis
1069 2237 1257 2314 capita
1284 2236 1397 2294 alta
1424 2237 1680 2294 corusci:

326 2315 544 2384 Quales
572 2316 744 2373 aeriae
771 2315 1051 2393 liquentia
1076 2315 1317 2373 flumina
1343 2315 1578 2389 circum,

326 2392 635 2452 Sive‘Padi
661 2394 817 2472 ripis,
848 2395 1112 2453 Athesim
1140 2413 1243 2452 scu
1271 2403 1502 2472 propter
1529 2410 1839 2467 amoenum,

326 2473 693 2549 Consurgunt
719 2474 964 2549 geminae
993 2492 1255 2550 quercuS‚
1286 2474 1626 2548 intonsaque
1654 2471 1800 2537 coelo

325 2553 610 2611 Attollunt
638 2553 844 2629 capita,
873 2562 932 2611 et
957 2552 1189 2609 sublimi
1216 2551 1433 2609 vertice
1463 2559 1679 2609 nutant.

327 2630 444 2688 Irru
455 2639 674 2707 mpunt,
705 2631 890 2688 aditus
914 2630 1121 2688 Rutuli
1144 2637 1207 2687 ut
1232 2627 1430 2686 videre
1459 2636 1738 2705 patentes·

325 2705 615 2767 Continuo
647 2709 969 2780 Quercens,
999 2716 1058 2766 et
1082 2707 1326 2785 pulcher
1354 2706 1670 2783 Aquicolus
1700 2704 1889 2779 arulis,
1949 2707 1954 2711 ⁴

329 2788 406 2845 Et
433 2806 687 2865 pneceps
716 2786 892 2844 auImi
920 2787 1184 2860 TmaruS,
1215 2794 1273 2843 et
1299 2785 1624 2843 Mavortius
1653 2786 1928 2861 naemon,

327 2865 668 2940 Agminibus
696 2865 828 2924 totis
857 2873 954 2924 aut
981 2865 1130 2922 versi
1158 2873 1317 2940 terga
1343 2862 1576 2940 dedere,

325 2947 445 3002 Aut
468 2945 593 3022 ipso
619 2953 795 3022 portae
823 2942 1066 3022 posuere
1094 2944 1153 3001 in
1181 2943 1379 3001 limine
1406 2943 1603 3001 vitam.

327 3024 478 3081 Tum
509 3021 690 3100 magis
717 3024 1043 3081 increscunt
1069 3022 1273 3080 animis
1301 3023 1657 3081 discordibus
1683 3021 1817 3093 iroe3
1847 3031 1862 3039 “’

327 3100 409 3166 Et
426 3105 547 3181 jam
575 3103 803 3162 collecti
830 3102 1015 3160 Troes
1043 3101 1428 3176 glomerantur
1455 3102 1698 3175 eodem‚'

329 3182 410 3239 Et
436 3182 691 3240 conferre
720 3200 952 3239 manum
983 3188 1041 3239 et
1066 3200 1397 3258 procurrere
1424 3175 1655 3255 longius
1682 3176 1910 3234 audent.
1987 3264 1994 3267 4

406 3260 644 3318 Ductori
672 3261 870 3319 Turno
899 3260 1124 3317 diversa
1149 3259 1209 3316 in
1236 3268 1396 3337 parte
1422 3257 1649 3330 furenti,

328 3337 721 3415 Turbantique
748 3340 918 3415 viros,
946 3339 1225 3416 perfertur
1251 3337 1485 3396 nuntius
1510 3337 1735 3393 hostem

329 3417 579 3493 Fen-ere
607 3418 768 3475 caede
796 3419 967 3494 nova,
996 3425 1055 3476 et
1079 3425 1268 3495 portas
1295 3416 1553 3493 praebere
1580 3420 1860 3490 patentes.

330 3494 563 3553 Deserit
588 3496 906 3573 inceptum,
937 3506 1108 3572 atque
1136 3495 1377 3553 immani
1404 3493 1663 3552 concitus
1691 3491 1775 3548 ira

331 3573 678 3631 Dardaniam
705 3574 820 3632 ruit
847 3575 918 3632 ad
944 3586 1165 3651 portam
1194 3573 1504 3649 fratresque
1532 3568 1845 3648 superbos3

332 3652 414 3723 Et
432 3649 683 3728 primum
710 3652 1085 3728 Antiphaten,
1114 3651 1346 3709 isenim
1374 3669 1437 3708 se
1464 3651 1681 3727 primus
1708 3648 1931 3724 agebat,

332 3729 616 3788 Thebana
643 3730 715 3787 de
743 3739 922 3787 matre
948 3729 1188 3787 nothum
1219 3728 1565 3803 Sarpedonis
1593 3727 1711 3802 alti,

333 3808 614 3885 conjecto
642 3808 842 3866 sternit
857 3807 1093 3885 jaculo:
1135 3805 1292 3864 volat
1319 3805 1464 3862 Itala
1490 3824 1694 3865 cornus

2175 435 2292 495 655

2169 827 2286 883 660

2149 1610 2284 1665 ⁷670

2165 2001 2283 2056 675
2321 1971 2326 1980 ’

2165 2768 2417 2847 osas

2165 3180 2281 3234 690

2165 3571 2283 3626 ⁶95
