2717 4300
399 302 504 360 lm
1209 302 1573 361 AENEIDos

399 449 631 528 Ingenti
658 452 941 531 trepidare
968 463 1127 512 metu
1152 474 1164 510 :
1207 474 1337 531 pars
1365 463 1586 513 vertere
1612 462 1795 531 terga,
1850 500 1853 503 -

395 533 525 589 Ceu
553 533 842 608 quondam
867 531 1090 609 petiere
1118 542 1268 590 rates
1291 553 1304 589 ε
1346 552 1477 609 pars
1504 533 1704 591 tollere
1731 550 1937 593 vocem

395 610 685 686 Exiguam
709 631 725 684 ;
768 611 1030 687 inceptus
1058 611 1272 668 clamor
1298 611 1593 669 frustratur
1619 611 1864 670 hiantes.

422 703 429 709 ’
472 690 666 763 Atque
695 687 792 746 hic
818 689 1150 749 Priamiden
1177 688 1454 746 laniatum
1485 702 1721 765 corpore
1748 698 1869 749 toto

393 765 772 842 Deiphobum
801 767 962 841 vidit,
991 766 1581 829 lacerumcrudeliter
1606 785 1723 841 ora,
2202 798 2207 803 ·
2242 774 2357 831 495

395 843 529 918 Ora,
560 863 883 922 manusque
910 845 1127 920 ambas,
1155 844 1549 921 populataque
1575 852 1839 922 tempora
1863 848 2043 926 raptis

392 921 663 997 AuribuS,
695 930 754 981 et
778 931 1006 981 truncas
1032 922 1355 980 inhonesto·
1367 922 1605 983 vulnere
1628 942 1817 981 nares.

393 998 516 1056 Vix
544 997 688 1057 adeo
718 1001 951 1076 agnovit
975 1000 1350 1078 pavitantem,
1381 1009 1441 1058 et
1465 1002 1589 1059 dira
1612 1008 1905 1077 tegentem

395 1076 726 1155 Supplici&
770 1087 828 1137 et
854 1080 1006 1137 notis
1033 1078 1341 1156 compellat
1365 1079 1607 1137 vocibus
1632 1079 1780 1138 ultro
1805 1100 1819 1138 :
1882 1137 1889 1145 ,

391 1156 704 1234 Deiphobe
734 1157 1097 1234 armipotenS,
1127 1176 1311 1233 genua
1330 1157 1515 1216 altoa
1534 1158 1821 1234 ‘sanguine
1846 1159 2080 1236 Tenen,
2230 1165 2355 1220 500

394 1234 545 1306 Quis
572 1242 690 1293 tam
717 1237 980 1294 crudeles
1003 1237 1225 1313 optavit
1249 1254 1478 1294 sumere
1502 1239 1744 1313 poenas'?

392 1313 508 1371 Cui
536 1311 753 1372 tantum
783 1315 855 1371 de
883 1322 940 1373 te
966 1314 1173 1372 licuit?
1255 1314 1411 1372 Mihi
1435 1315 1590 1372 sama
1614 1317 1881 1392 suprema

391 1392 584 1451 Nocte
613 1392 759 1468 tulit,
787 1392 1001 1451 fessum
1031 1392 1191 1451 vasta
1217 1400 1275 1450 te
1304 1392 1467 1450 caede
1495 1393 1803 1469 Pelasgam

391 1468 774 1529 Procubuisse
802 1491 976 1549 super
1002 1471 1256 1539 confusae
1284 1471 1487 1546 stragis
1515 1490 1803 1547 acervum.

392 1548 560 1607 Tunc
590 1557 821 1625 egomet
847 1550 1132 1608 tumulum
1159 1549 1414 1607 Rboeteo
1440 1549 1502 1607 in
1529 1549 1717 1607 littore
1744 1550 1978 1608 inanem
2134 1574 2141 1579 ·
2236 1553 2354 1612 505

392 1627 699 1702 Constitui,
732 1635 790 1686 et
816 1627 1027 1702 magni
1052 1628 1264 1692 Manes
1291 1636 1381 1685 ter
1404 1645 1550 1684 voce
1575 1629 1796 1686 vocavi.
1896 1696 1901 1699 ,
1998 1686 2001 1689 .

391 1704 629 1764 Nomen
658 1713 716 1763 et
742 1724 901 1762 arma
926 1706 1116 1763 locum
1145 1713 1393 1763 servant.
1477 1705 1586 1780 Te,
1617 1707 1822 1782 amice,
1852 1707 2094 1784 nequivi

287 1820 300 1833 -
393 1782 766 1860 conspicere,
795 1791 856 1842 et
879 1784 1062 1861 patria
1089 1783 1382 1843 decedens
1407 1786 1841 1860 ponere'terta..

391 1861 487 1918 Ad
517 1881 645 1939 quae
673 1861 802 1919 haec
829 1862 1149 1920 Priamides
1173 1882 1186 1919 :
1229 1861 1397 1920 Nihil
1426 1881 1461 1919 o
1489 1862 1612 1936 tibi,
1640 1864 1850 1939 amice,
1877 1864 2174 1937 relicta-13

394 1939 605 1998 Omnia
632 1939 945 2017 Deiphobo
971 1940 1192 1999 solvisti
1220 1948 1279 1998 et
1305 1940 1523 1998 funeris
1549 1942 1765 2019 umbris
1791 1963 1804 1998 ε
2238 1947 2355 2001 510

396 2017 513 2075 Sed
541 2036 636 2075 me
662 2017 778 2076 fata
804 2038 937 2076 mea
963 2027 1022 2077 et
1047 2019 1237 2076 scelus
1266 2017 1500 2076 exitiale
1529 2019 1794 2077 Lacaenae

393 2095 506 2155 His
534 2093 787 2155 mersere
814 2097 1020 2172 malis3
1062 2097 1162 2156 illa
1187 2097 1316 2156 haec
1343 2098 1991 2177 monumentarreliqult.

391 2175 665 2252 Namque
693 2184 757 2235 ut
782 2196 1112 2254 supremam
1138 2177 1280 2235 falsa
1304 2177 1456 2234 inter
1483 2177 1690 2253 gaudia
1717 2191 1944 2237 noctem

392 2254 701 2329 Egerimus
727 2253 918 2329 nosti3
962 2265 1021 2313 et
1046 2253 1292 2314 nimium
1320 2255 1654 2329 meminisse
1681 2261 1924 2315 necesse
1950 2263 2056 2314 est.

394 2332 594 2404 Quum
622 2333 808 2391 fatalis
838 2353 1021 2412 equus
1048 2334 1194 2392 saltu
1222 2354 1395 2412 super
1421 2334 1599 2391 ardua
1623 2334 1783 2393 venit
2238 2339 2354 2394 515

391 2409 692 2487 Pergama,
722 2419 782 2471 et
809 2421 1087 2474 armatum
1112 2414 1372 2490 peditem
1400 2414 1587 2488 gravis
1617 2413 1804 2472 attulit
1829 2412 1959 2471 alvo
1981 2432 1999 2487 ;

394 2489 519 2564 Illa,
549 2489 789 2548 chorum
817 2492 1114 2565 simulans,
1145 2500 1381 2548 evantes
1408 2491 1566 2565 orgia
1592 2491 1810 2551 circum

391 2567 661 2628 Ducebat
689 2567 1002 2645 Phrygias:
1044 2570 1334 2627 flammam
1365 2570 1559 2626 media
1582 2571 1708 2645 ipsa
1732 2570 1966 2628 tenebat

392 2646 715 2722 Ingentem,
746 2655 802 2703 et
830 2648 1057 2704 summa
1085 2648 1320 2704 Danaos
1348 2665 1424 2703 ex
1452 2666 1580 2704 arce
1607 2647 1871 2705 vocabat.

389 2723 544 2781 Tum
574 2743 668 2782 me
696 2724 1021 2782 confectum
1050 2724 1200 2795 euris
1228 2742 1546 2800 somnoque
1574 2734 1869 2800 gravatum
2238 2731 2353 2786 520

391 2802 604 2859 Infelix
632 2802 833 2878 habuit
857 2803 1181 2873 thalamus3
1222 2803 1545 2880 pressitque
1563 2806 1859 2881 jacentem

388 2880 595 2939 Dulcis
622 2888 681 2939 et
709 2881 822 2946 alta
849 2882 1030 2959 quies,
1059 2881 1418 2959 placidaeque
1446 2881 1741 2941 simillima
1765 2881 1951 2942 morti.

388 2959 642 3038 Egregia
667 2959 885 3018 interea
910 2962 1124 3038 conjux
1145 2975 1310 3020 ,anna
1336 2961 1534 3018 omnia
1558 2962 1728 3021 tectis
1902 2965 1907 2966 ⁷

390 3039 660 3113 Emovet,
691 3046 749 3095 et
776 3039 954 3096 fidum
984 3039 1157 3116 capiti
1186 3040 1538 3099 subduxerat
1563 3061 1781 3102 ensem.

389 3118 548 3176 Intra
573 3126 725 3184 tecta
750 3126 919 3176 vocat
946 3118 1303 3195 Menelaum,
1334 3127 1393 3176 et
1418 3117 1620 3177 limina
1643 3119 1880 3196 pandit3
2236 3123 2350 3179 525

392 3197 626 3257 Scilicet
652 3197 710 3255 id
740 3216 1010 3273 magnum
1038 3202 1273 3274 sperans
1297 3197 1418 3256 fore
1446 3217 1653 3255 munus
1685 3195 1898 3254 amanti

388 3276 474 3333 Et
496 3275 704 3336 famam
735 3276 992 3353 extingui
1019 3285 1278 3334 veterum
1308 3276 1391 3333 sic
1417 3295 1587 3354 posse
1616 3276 1915 3333 malorum.

325 3427 328 3432 .
392 3352 550 3423 Quid
578 3358 813 3414 moror?
852 3356 1172 3432 irrumpunt
1197 3355 1488 3429 thalam03
1532 3373 1724 3416 comes
1752 3353 1978 3414 additus
2003 3353 2124 3412 una

390 3431 665 3490 Hortator
690 3434 970 3492 scelerum
998 3434 1281 3498 AEolideS.
1367 3432 1466 3508 Di,
1496 3433 1632 3490 talia
1659 3432 1848 3506 Graiis

391 3510 728 3586 Instaurate,
758 3513 856 3588 pio
884 3514 933 3571 si
952 3533 1152 3591 poenas
1180 3521 1277 3570 ore'
1305 3531 1368 3570 re
1447 3530 1562 3570 sco·
2235 3515 2350 3579 530

394 3588 511 3646 Sed
536 3594 596 3646 te
623 3590 723 3665 qui
750 3590 946 3648 vivum
974 3611 1159 3666 casus,
1189 3609 1315 3665 age,
1369 3609 1462 3647 are
1490 3589 1745 3647 vicissim

389 3665 706 3726 Attulerint
730 3688 743 3724 τ
785 3669 1052 3744 pelagiae
1079 3671 1244 3727 venis
1272 3667 1558 3726 erroribus
1583 3670 1786 3726 actus?

390 3748 485 3806 An
516 3746 734 3803 monitu
762 3745 961 3803 divum
984 3749 1007 3802 ?
1048 3766 1118 3803 an
1148 3766 1276 3824 quae
1303 3755 1363 3804 te
1390 3746 1614 3826 fortuna
1639 3747 1853 3824 fatigat,

391 3823 478 3886 Ut
503 3822 689 3883 tristes
713 3824 841 3884 sine
869 3823 991 3881 sole
1018 3824 1240 3900 domos,
1268 3824 1396 3881 loca
1420 3823 1664 3899 turbida,
1695 3826 1925 3884 adires?
