2717 4300
314 290 414 364 ros
1120 304 1487 363 aimanos

304 455 686 535 Convertant)
720 454 937 515 Priami
963 452 1206 533 imperio
1234 449 1679 532 Pbrygibusque
1704 452 1957 514 futurum
1980 473 2001 532 3

306 535 409 593 Sin
437 535 700 593 manibus
725 535 928 592 vestris
954 541 1202 591 vestram
1230 533 1583 591 ascendisset
1607 534 1666 590 in
1696 532 1917 610 urbem,

305 612 472 674 Ultro
500 614 698 671 Asiam
726 611 1218 746 magno¹Pelopea
1245 611 1316 668 ad
1344 611 1558 669 moenia
1582 611 1739 669 bello

303 688 643 766 Venturam,
674 699 732 749 et
757 698 979 748 nostros
1008 709 1079 747 ea
1127 698 1220 747 ata
1245 707 1479 746 manere
1506 692 1764 767 nepotes.

381 767 624 826 Talibus
651 769 894 843 insidiis,
922 768 1251 846 perjurique
1280 775 1401 825 arte
1431 767 1681 843 Sinonis,

302 846 537 905 Credita
562 866 687 920 res3
730 848 1000 925 captique
1026 847 1172 904 dolis
1199 845 1580 922 lacrymisque
1607 845 1840 921 coactis,

302 924 468 995 Quos
494 943 682 1018 neque
709 925 988 1002 Tydides,
1017 943 1127 983 nec
1155 924 1473 982 Larissaeus
1503 924 1783 999 Achilles,

300 1002 438 1077 Non
468 1021 603 1059 anm
631 1001 906 1061 domuere
935 1004 1161 1073 decem,
1190 1021 1306 1059 non
1335 1002 1496 1060 mille
1523 1003 1754 1060 carinae.

378 1080 497 1138 Hic
526 1080 679 1138 aliud
707 1084 894 1160 majus
923 1082 1146 1139 miseris
1174 1077 1472 1157 multoque
1499 1081 1863 1139 tremendum

302 1158 588 1237 Objicitur
612 1158 812 1235 magis,
843 1169 1013 1237 atque
1039 1159 1363 1236 improvida
1388 1167 1626 1236 pectora
1650 1159 1859 1218 turbat.

300 1238 591 1312 Laocoon,
621 1238 826 1296 ductus
854 1240 1139 1315 Neptuno
1164 1245 1316 1295 sorte
1343 1237 1629 1311 sacerdos,

304 1316 609 1374 Solemnes
637 1325 860 1375 taurum
888 1318 1181 1392 ingentem
1211 1315 1500 1374 mactabat
1525 1317 1597 1373 ad
1624 1333 1767 1373 aras.

300 1393 464 1452 Ecce
491 1403 679 1452 autem
708 1396 922 1470 gemini
944 1415 979 1454 a
1005 1395 1250 1452 Tenedo
1275 1394 1579 1470 tranquilla
1602 1411 1710 1470 per
1734 1392 1847 1452 alta

309 1470 628 1546 (Horresco
656 1472 936 1548 reserens)
973 1474 1269 1530 immensis
1296 1471 1530 1529 orbibus
1559 1489 1775 1547 angues

303 1549 656 1609 incumbunt
681 1551 907 1627 pelago,
935 1548 1258 1627 paritet-'que
1287 1550 1359 1606 ad
1387 1549 1574 1607 littora
1601 1549 1882 1622 tendunt;
1976 1584 1980 1589 ·

302 1627 545 1686 Pectora
571 1647 810 1705 quorum
837 1629 987 1686 inter
1011 1627 1218 1686 fluctus
1247 1634 1465 1684 arrecta
1482 1627 1759 1705 jubaeque
1879 1641 1888 1650 ·

305 1707 649 1801 Sanguineas
678 1713 1023 1783 exsuperant
1046 1707 1229 1764 undas
1251 1725 1267 1777 3
1309 1723 1441 1781 pars
1466 1715 1676 1764 caetera
1698 1712 1942 1783 pontum

306 1784 466 1841 Pone
495 1783 651 1858 legit,
681 1784 1022 1861 sinuantque
1045 1785 1327 1842 immensa
1345 1783 1640 1842 volumine
1668 1792 1844 1859 terga.

305 1860 403 1920 Fit
428 1863 664 1937 sonituS,
694 1873 994 1939 spumante
1022 1863 1175 1935 salo;
1210 1865 1449 1940 jamque
1478 1881 1612 1920 arva
1637 1861 1955 1936 tenebaut;

305 1941 704 2017 Ardentesque
731 1941 928 1998 oculos
955 1940 1182 1999 suffecti
1212 1941 1492 2015 sanguine
1521 1950 1581 1998 et
1605 1941 1747 2018 igni,

307 2018 490 2076 Sibila
517 2018 846 2078 lambebant
867 2019 1079 2095 linguis
1100 2019 1456 2077 vibrantibus
1485 2038 1599 2076 ora.

305 2097 656 2173 Diffugimus
683 2099 810 2156 visu
840 2117 1180 2175 exsangues·
1267 2097 1359 2156 llli
1389 2097 1618 2174 agmine
1645 2105 1804 2157 certo

306 2178 637 2236 Laocoonta
660 2187 863 2255 petunt
885 2197 902 2248 ς
946 2188 1006 2237 et
1030 2176 1278 2255 primum
1306 2197 1486 2255 parva
1512 2178 1756 2236 duorum

307 2251 565 2333 Corpora
589 2266 847 2315 natorum
877 2276 1114 2335 serpens
1141 2257 1442 2334 amplexus
1468 2266 1713 2333 uterque

309 2334 591 2411 Implicat,
620 2344 678 2395 et
704 2336 939 2394 miseros
967 2355 1157 2394 morsu
1188 2336 1513 2412 depascitur
1539 2344 1711 2393 artus·

312 2410 466 2487 Post,
494 2413 703 2491 ipsum,
733 2416 944 2472 auxilio
973 2415 1315 2472 subeuntem
1345 2432 1412 2470 ac
1439 2413 1553 2471 tela
1577 2413 1879 2486 ferentem,

308 2492 657 2569 Corripiunt,
686 2494 964 2569 spirisque
991 2494 1172 2566 ligant
1197 2489 1557 2566 ingentibus3
1601 2500 1661 2548 et
1677 2492 1800 2567 jam

308 2571 412 2628 Bis
439 2572 692 2629 medium
721 2571 988 2646 amplexi,
1017 2571 1106 2627 bis
1134 2570 1283 2627 collo
1311 2588 1585 2644 squamea
1609 2566 1826 2626 circum

309 2645 499 2724 Terga
525 2649 659 2723 dati,
689 2658 956 2724 superant
982 2650 1167 2724 capite
1197 2656 1254 2705 et
1280 2647 1599 2705 cervicibus
1628 2646 1774 2705 altis.

312 2726 417 2783 Ille
445 2726 613 2788 simul
643 2726 903 2785 manibus
930 2728 1113 2785 tendit
1140 2726 1414 2784 divellere
1441 2726 1642 2801 nodos,

310 2804 581 2863 Perfusus
609 2806 769 2864 sanie
795 2806 963 2863 vittas
990 2816 1220 2881 atroque
1251 2824 1510 2878 venen03

309 2882 607 2942 Clamores
634 2883 802 2942 simul
831 2883 1142 2942 horrendos
1171 2885 1241 2943 ad
1269 2884 1457 2941 sidera
1483 2881 1667 2941 tollit:

312 2960 530 3032 Quales
558 2963 826 3057 mugituS,
855 2962 1000 3038 sugit
1026 2983 1196 3039 quum
1221 2962 1448 3021 saucius
1476 2981 1631 3021 aram

310 3039 553 3117 Taurus,
583 3050 642 3100 et
666 3049 942 3099 incertam
971 3043 1222 3101 excussit
1247 3042 1474 3099 cervice
1502 3039 1768 3099 securim.

311 3121 391 3177 At
416 3121 632 3195 gemini
656 3120 819 3198 lapsu
849 3119 1088 3178 delubra
1114 3122 1181 3178 ad
1210 3140 1435 3180 summa
1460 3120 1739 3178 dracones

311 3197 632 3274 Effugiunt,
661 3218 945 3276 saevaeque
972 3207 1178 3276 petunt
1199 3198 1516 3257 Tritonidis
1546 3214 1769 3268 arcem;

313 3277 433 3334 Sub
460 3278 821 3356 pedibusque
849 3279 974 3336 dete
1003 3277 1306 3354 clypeique
1334 3275 1440 3336 sub
1468 3278 1606 3335 orbe
1635 3280 1921 3350 teguntur.

389 3355 542 3413 Tum
569 3354 708 3414 vero
735 3357 1067 3416 tremefacta
1092 3375 1275 3413 novus
1297 3376 1403 3432 per
1427 3363 1661 3433 pectora
1685 3350 1907 3411 cunctis

316 3429 572 3492 insinuat
595 3454 811 3511 pavor3
855 3443 915 3494 et
940 3436 1126 3494 scelus
1153 3435 1498 3511 expendisse
1527 3439 1841 3490 merentem

312 3513 642 3570 Laocoonta
667 3513 873 3588 ferunt,
904 3532 1123 3572 sacrum
1152 3513 1249 3589 qui
1277 3512 1514 3588 cuspide
1541 3510 1713 3569 robur

313 3591 570 3662 laeserit,
600 3598 659 3649 et
683 3597 845 3665 tergo
872 3591 1205 3650 sceleratam
1230 3589 1517 3648 intorserit
1547 3588 1790 3646 hastam.

308 3670 657 3728 Ducendum
688 3668 755 3726 ad
786 3668 953 3726 sedes
980 3668 1365 3744 simulacrum,
1394 3667 1720 3744 orandaque
1746 3666 1897 3725 divo

313 3749 588 3820 Numina,
617 3746 993 3804 conclamant.

315 3825 639 3885 Dividimus
671 3843 876 3901 maroa,
908 3832 966 3882 et
994 3822 1207 3881 moenia
1231 3824 1535 3901 pandimus
1561 3824 1735 3883 urbis,

2143 771 2257 826 195

2137 1552 2255 1608 205

2138 1943 2258 2023 219

2140 2335 2257 2391 215

2140 2728 2258 2782 220
