2717 4300
345 302 452 396 ΙΑΒ
1146 296 1511 359 AENEIDOS

342 455 506 527 Quid
529 449 781 531 primum
807 449 1034 525 deserta
1098 467 1262 507 uerat
1283 450 1306 505 ?
1327 448 1699 507 -comitemue
1724 466 1980 510 sororem

343 535 385 593 S
427 532 625 591 revisti
650 529 942 588 moriens?
981 546 1053 585 ea
1095 547 1187 586 em
1216 544 1311 584 me
1331 529 1412 584 od
1439 526 1556 584 fata
1580 528 1885 601 vocassem

342 612 373 671 1
417 630 511 670 em
539 608 737 668 ambas
762 608 909 665 ferro
939 607 1118 681 dolor,
1148 618 1320 683 atque
1351 606 1557 663 eadem
1583 606 1744 681 hora,
1773 607 2020 667 tulisset.

339 686 454 748 His'
484 689 656 746 etiam
685 683 868 744 struxi
895 684 1180 758 manibus,
1209 683 1555 761 patriosque,-
1566 684 1771 741 vocavi
2190 690 2308 745 680

338 767 506 825 Voce
534 767 693 840 deos,
721 765 805 822 sic
831 772 889 822 te
916 771 979 821 ut
1005 763 1213 840 posita,
1241 763 1492 821 crudelis
1516 764 1530 819 Ξ
1574 762 1879 823 abessem?

260 844 610 904 “Extinxti
636 851 715 918 te,
743 861 973 918 meque,
999 861 1176 916 soror,
1204 840 1620 918 populumque,
1647 850 1840 919 patres
1882 860 1954 901 ue

342 923 629 997 Sidonios,
657 921 973 997 urbemque
1002 928 1177 981 tuam.
1258 920 1413 977 Date
1441 920 1680 979 vulnera
1705 920 1864 998 lymp
1905 921 1992 996 is;

336 1000 625 1074 Abluam3
667 1008 743 1075 et,
775 1007 1067 1057 extremus
1095 999 1144 1056 si
1171 997 1297 1077 quis
1325 1016 1498 1074 super
1523 998 1735 1057 halitus
1763 1007 1931 1076 errat,

340 1075 459 1138 Ore
486 1078 693 1155 legam.
780 1073 878 1135 Sic
907 1076 1041 1152 fata,
1067 1077 1276 1153 gradus
1305 1071 1599 1137 evas'ti'erat
1627 1076 1791 1154 altos,
2184 1074 2306 1155 ‘635

341 1157 869 1236 Semianimemque
897 1156 1027 1213 sinu
1055 1174 1387 1231 germanam
1417 1154 1687 1232 amplexa
1710 1155 1944 1217 fovebat

341 1236 495 1294 Cum
522 1234 760 1311 gemitu,
790 1244 959 1313 atque
988 1239 1136 1292 atros
1164 1232 1418 1292 siccabat
1441 1243 1881 1295 vestacruores.

339 1312 467 1388 Illa,
498 1330 698 1390 graves
725 1312 923 1371 oculos
951 1319 1156 1371 conata
1174 1312 1461 1388 attollere,
1482 1331 1679 1385 rursus

338 1393 558 1454 Deficit
581 1412 595 1450 z
638 1392 887 1450 infixum
914 1392 1100 1450 stridit
1125 1390 1232 1449 sub
1259 1400 1493 1468 pectore
1519 1391 1748 1451 vulnus.
2284 1440 2297 1453 .

340 1467 461 1529 Ter
487 1490 615 1529 sese
643 1471 907 1549 attollens
935 1469 1247 1546 cubitoque
1276 1470 1489 1527 adnixa
1513 1469 1744 1545 levavit,
2190 1476 2309 1531 690

338 1548 461 1608 Ter
486 1550 745 1608 revoluta
770 1556 892 1606 toro
921 1555 1044 1621 est;
1088 1548 1391 1622 oculisque
1417 1548 1735 1607 errantibus
1765 1547 1903 1611 alto⁴

341 1627 630 1699 Quaesivit
655 1627 802 1686 coelo
828 1626 1040 1701 lucem,
1069 1626 1469 1702 ingemuitque
1497 1635 1803 1702 repertam.

418 1705 576 1763 Tum
601 1705 755 1764 Juno
782 1703 1168 1780 omnipotens,
1196 1702 1434 1779 longum
1464 1703 1732 1764 miserata
1758 1705 2018 1766 dolorem

339 1783 739 1861 Difficilesque
766 1780 977 1857 obitus,
1006 1781 1146 1840 Irim
1172 1782 1407 1861 demisit
1434 1781 1703 1859 Olymp0‚

343 1857 493 1932 Quae
521 1862 833 1921 luctantem
864 1859 1114 1919 animam
1135 1876 1440 1939 nexosque
1469 1861 1780 1921 resolveret
1806 1870 1979 1922 artus.
2189 1867 2308 1923 695

339 1939 404 1999 N
405 1959 520 2015 am,
543 1940 679 2016 quia
702 1958 814 2002 nec
842 1938 978 2014 fato,
1006 1938 1218 1999 merit'fl.
1238 1958 1348 1997 nec
1376 1947 1577 2014 morte,
1603 1939 1847 2017 peribat,

344 2018 463 2075 Sed
484 2018 694 2076 misera
714 2025 848 2075 ante
875 2014 1054 2091 diem,
1083 2017 1388 2094 subitoque
1416 2035 1663 2077 accensa
1686 2017 1897 2095 furore,

339 2094 620 2155 Nondum
647 2095 734 2154 illi
757 2095 968 2153 flavum
997 2090 1346 2173 Proserpina
1370 2094 1590 2155 vertice
1616 2094 1836 2156 crinem

340 2172 692 2250 Abstulerat,
723 2173 1046 2253 Stygioque,
1066 2181 1238 2251 caput
1264 2166 1637 2250 damnaverat
1663 2175 1833 2238 Orco.
2294 2229 2317 2248 ,

341 2245 501 2326 Ergo
531 2252 659 2327 Iris,
688 2252 905 2310 croceis
928 2271 1036 2329 per
1062 2252 1275 2312 coelum
1302 2252 1527 2317 roscida
1551 2253 1782 2329 penniS,
2191 2257 2313 2320 700

341 2328 514 2387 Mille
541 2329 774 2388 trahens
801 2329 988 2387 varios
1021 2331 1259 2390 adverso
1288 2330 1411 2388 sole
1438 2330 1678 2403 coloreS,

341 2406 612 2483 Devolat,
642 2415 700 2466 et
726 2427 896 2484 supra
922 2416 1096 2487 caput
1122 2409 1376 2480 adstitit:
1459 2407 1643 2464 Hunc
1666 2425 1775 2482 ego
1800 2406 1930 2474 Diti

345 2485 581 2544 Sacrum
609 2487 773 2563 jussa
798 2486 938 2560 fero,
966 2494 1139 2563 teque
1166 2486 1543 2564 istocorpore
1572 2484 1751 2545 solvo·

345 2561 443 2634 Sic
471 2562 569 2638 ait,
599 2571 658 2621 et
684 2562 887 2622 dextra
915 2563 1135 2624 crinem
1164 2570 1357 2620 secat:
1402 2562 1589 2619 omnis
1616 2568 1675 2619 et
1701 2560 1821 2618 uni

341 2637 620 2717 Dilapsus
649 2641 822 2716 calor,
852 2648 1023 2716 atque
1049 2638 1109 2697 in
1135 2647 1342 2697 ventos
1367 2639 1488 2697 vita
1511 2638 1765 2697 recessit.
2191 2642 2306 2697 '70⁵

1029 2909 1592 3042 AENEHJos

969 3138 1231 3228 L1BER
1273 3140 1674 3212 QUINTUs
1772 3109 1783 3200 j

423 3272 703 3329 lamam
731 3271 990 3331 medium
1016 3272 1239 3331 AEneas
1258 3274 1383 3350 jam
1412 3275 1594 3333 classe
1620 3272 1855 3333 tenebat
1901 3335 1911 3344 ,

344 3349 552 3416 Certus
579 3350 705 3425 iter,
731 3349 1056 3429 fluctusque
1085 3360 1233 3410 atros
1260 3353 1554 3429 Aquilone
1581 3341 1851 3428 secabat.
1894 3423 1901 3426 a

344 3425 573 3484 Moenia
597 3447 689 3486 res
729 3428 932 3504 iciens,
960 3449 1091 3507 quae
1110 3432 1235 3509 jam
1262 3430 1512 3490 infelicis
1542 3429 1751 3488 Elissae
1776 3483 1783 3490 .

345 3503 654 3563 Collucent
721 3508 943 3566 ammis.
1029 3509 1180 3579 Quae
1209 3517 1433 3568 tautum
1462 3508 1790 3569 accenderit
1815 3507 2012 3588 ignem
2044 3525 2073 3574 ,’
2166 3554 2171 3558 ·

345 3582 538 3640 Causa
564 3580 740 3655 laht3
783 3585 913 3642 duri
941 3605 1149 3662 magno
1177 3588 1281 3645 sed
1309 3607 1503 3645 amore
1531 3586 1765 3648 dolores
1918 3645 1929 3654 ,
2133 3625 2143 3634 ·
2275 3594 2313 3649 δ

335 3659 598 3735 'Pollut0‚
626 3667 943 3738 notumque
966 3662 1164 3722 furens
1192 3666 1330 3741 quid
1357 3666 1596 3724 foemina
1619 3666 1821 3747 possit,
1898 3703 1905 3710 ·
2190 3695 2199 3704 ·

345 3737 538 3812 Triste
563 3757 671 3814 per
697 3738 998 3813 augurium
1027 3741 1386 3804 Teucrorum
1414 3754 1649 3819 pectora
1674 3745 1911 3806 ducunt.
1978 3791 1987 3798 .

424 3815 509 3877 Ut
532 3815 773 3896 pelagus
799 3813 1041 3878 tenuere
1069 3825 1236 3896 rateS,
1264 3841 1374 3879 nec
1403 3825 1519 3891 iam
1548 3821 1795 3902 ampliu-s
1806 3822 1940 3885 -ulla
2022 3857 2027 3864 ·
