2717 4300
1164 326 1397 384 LIBER
1433 328 1534 384 1v.
1928 332 1935 339 “
2239 326 2346 387 143
2420 340 2423 343 ’

375 472 636 536 luserat?
676 482 738 536 et
762 494 904 554 quos
934 475 1175 535 Sidonia
1199 496 1303 537 le
1328 477 1470 537 urbe
1497 478 1699 537 revelli
1850 517 1859 523 -
2227 482 2343 537 545

371 556 602 614 Rursus
630 573 795 631 agam
820 554 1049 632 pelago,
1079 565 1139 614 et
1162 557 1353 615 ventis
1381 557 1516 615 dare
1543 556 1675 615 vela
1692 554 1960 634 jubebo?

372 635 538 706 Quin
566 652 807 708 morere,
837 642 899 692 ut
924 634 1128 692 merita
1153 653 1237 708 es,
1263 635 1526 712 ferroque
1553 644 1748 694 averte
1776 635 2054 697 dolorem.

372 713 489 789 Tu,
516 712 787 789 lacrymis
811 712 1003 771 evicta
1027 713 1192 789 meis,
1221 721 1284 772 tu
1309 714 1499 790 prima
1521 714 1808 772 furentem

375 791 508 867 His,
537 809 827 868 germana,
857 790 1026 849 malis
1053 810 1276 868 oneras,
1306 801 1479 868 atque
1506 790 1711 872 objicis
1737 792 1910 853 hosti.

372 870 515 930 Non
541 870 710 927 licuit
734 869 972 928 thalami
999 877 1297 947 expertem
1324 871 1452 928 sine
1478 870 1717 929 crimine
1743 872 1924 931 vitam
2224 873 2345 928 550

374 949 608 1026 Degere
636 964 795 1007 more
813 948 971 1023 ferae,
1000 948 1144 1006 tales
1170 967 1280 1007 nec
1308 956 1544 1025 tangere
1571 953 1771 1008 curas!

373 1028 515 1088 Non
542 1034 766 1085 servata
790 1027 936 1085 fides
963 1026 1143 1085 cineri
1170 1028 1454 1106 promissa
1482 1027 1763 1104 Sychaeo!

375 1107 602 1165 Tantos
625 1105 726 1163 illa
752 1124 859 1164 suo
887 1104 1191 1183 rumpebat
1215 1114 1450 1184 pectore
1478 1113 1736 1184 questus.

454 1186 676 1243 AEneas
703 1184 860 1242 celsa
887 1184 948 1242 in
974 1185 1174 1261 puppi,
1196 1188 1321 1263 jam
1352 1192 1543 1243 certus
1571 1185 1766 1261 eundi,

374 1262 665 1340 Carpebat
689 1276 942 1338 somnoS,
971 1263 1142 1321 rebus
1162 1265 1286 1341 jam
1314 1261 1421 1321 rite
1448 1263 1679 1339 paratis.
1848 1278 1853 1285 ’
2228 1266 2344 1322 555

377 1341 537 1401 Huic
565 1360 628 1399 se
653 1342 837 1400 forma
862 1341 958 1399 dei
984 1341 1149 1399 vultu
1175 1341 1468 1399 redeuntis
1498 1341 1705 1399 eodem

378 1419 605 1478 Obtulit
629 1420 690 1478 in
719 1419 958 1494 somnis,
980 1419 1292 1496 rursusque
1321 1420 1401 1497 ita
1426 1420 1552 1495 visa
1577 1437 1813 1477 monere
1843 1427 1930 1477 est
1945 1438 1962 1492 ;

375 1498 591 1556 Omnia
616 1497 914 1556 Mercurio
943 1497 1164 1572 similis,
1193 1516 1534 1575 vocemque,
1559 1497 1950 1574 coloremque,

379 1575 460 1635 Et
485 1577 675 1635 crines
711 1577 910 1653 flavoS,
940 1583 1000 1633 et
1025 1575 1286 1634 membra
1305 1578 1515 1634 decora
1530 1575 1778 1655 juventa
1803 1596 1816 1633 :

380 1654 532 1713 Nate
561 1655 693 1731 dea,
720 1664 885 1733 potes
913 1653 1026 1713 hoc
1055 1654 1164 1713 sub
1194 1673 1332 1713 casu
1363 1656 1576 1713 ducere
1604 1657 1878 1713 somnos?
2225 1657 2344 1712 560

378 1733 441 1793 N
440 1752 509 1793 ec
536 1754 663 1811 quae
690 1743 748 1793 te
776 1735 1004 1792 circum
1020 1740 1173 1791 stent
1199 1733 1412 1792 deinde
1439 1733 1697 1811 pericula
1723 1733 1954 1791 cernis?

379 1813 674 1871 Demens!
717 1828 827 1871 nee
853 1812 1159 1889 Zephyros
1187 1813 1350 1870 audis
1379 1814 1591 1890 spirare
1620 1814 1947 1871 secundos?

382 1891 490 1950 Illa
517 1891 677 1949 dolos
704 1892 1005 1967 dirumque
1030 1890 1193 1948 nefas
1218 1891 1281 1948 in
1306 1900 1543 1968 pectore
1571 1900 1776 1967 versat,

379 1970 552 2029 Certa
579 1969 742 2043 mori,
772 1971 1046 2047 varioque
1073 1970 1284 2029 irarum
1312 1970 1552 2029 fluctuat
1579 1979 1740 2028 aestu.

377 2049 440 2107 N
440 2068 515 2106 on
541 2046 694 2125 fugis
720 2048 857 2107 hinc
882 2068 1163 2127 praecePS,
1193 2049 1332 2106 dum
1358 2049 1717 2126 praecipitare
1744 2050 2045 2126 potestas?
2231 2052 2345 2107 565

379 2127 508 2188 Jam
531 2147 688 2187 mare
714 2127 932 2186 turbari
957 2127 1235 2203 trabibus,
1264 2147 1560 2206 saevasque
1586 2128 1813 2187 videbis

378 2208 683 2284 Collucere
711 2207 886 2282 faces„
909 2209 1033 2285 jam
1059 2206 1283 2264 fervere
1310 2208 1501 2265 littora
1526 2206 1792 2282 flammis,

382 2286 445 2344 Si
471 2295 530 2345 te
556 2286 648 2345 his
678 2286 926 2363 attigerit
954 2286 1116 2343 terris
1144 2287 1367 2343 Aurora
1392 2293 1728 2342 morantem.

379 2365 493 2423 Eia
521 2384 644 2441 age,
674 2384 874 2442 rumpe
903 2383 1126 2422 moras:
1170 2364 1391 2423 varium
1422 2371 1481 2421 et
1507 2362 1785 2421 mutabile
1813 2381 2040 2441 semper

365 2444 660 2506 ,Fen-mina.
749 2444 843 2501 Sic
873 2443 1039 2518 satim,
1069 2444 1229 2501 nocti
1257 2462 1320 2501 se
1347 2442 1664 2501 immiscuit
1692 2448 1847 2500 atrae.
2232 2445 2349 2499 570

455 2521 611 2581 Tum
636 2520 774 2581 vero
802 2522 1045 2594 AEneas,
1075 2522 1278 2580 subitis
1306 2521 1610 2580 exterritus
1635 2519 1876 2595 umbris,

380 2601 634 2678 Corripit
661 2620 693 2659 e
723 2619 924 2658 somno
953 2619 1181 2677 corpus,
1211 2600 1513 2677 sociosque
1541 2600 1773 2677 fatigat:

380 2680 716 2757 Praecipites
743 2679 997 2755 vigilate,
1024 2681 1152 2755 viri,
1184 2687 1243 2737 et
1269 2681 1551 2739 considite
1579 2678 1874 2751 transtris3

382 2758 601 2818 Solvite
628 2758 758 2817 vela
784 2757 900 2815 citi.
983 2759 1166 2834 Deus,
1197 2758 1414 2817 aethere
1442 2759 1651 2816 missus
1680 2757 1751 2815 ab
1781 2758 1914 2832 alt0,

381 2835 430 2896 F
440 2838 683 2895 estinare
709 2836 904 2913 fugam
933 2844 1225 2915 tortosque
1251 2838 1510 2895 incidere
1538 2836 1706 2895 funes
2233 2837 2351 2892 5¹⁷5

383 2916 542 2974 Ecce
569 2916 776 2988 iterum
805 2914 1076 2974 stimulat.
1164 2917 1472 2993 Sequimur
1497 2924 1574 2990 te,
1605 2924 1802 2972 sancte
1829 2914 2086 2989 deorum,

384 2996 661 3072 Quisquis
689 3014 770 3069 es,
800 2993 1158 3070 imperioque
1186 2995 1394 3052 iterum
1419 3013 1689 3070 paremus
1717 3000 1974 3050 ovantes.

380 3075 555 3132 Adsis
583 3095 638 3149 o,
666 3073 1045 3151 placidusque
1064 3074 1257 3150 juves,
1287 3080 1345 3129 et
1373 3073 1559 3130 sidera
1585 3072 1737 3130 coelo

383 3153 603 3212 Dextra
630 3153 793 3210 seras.
878 3151 1083 3209 Dixit:
1127 3151 1451 3227 vaginfique
1480 3151 1653 3228 eripit
1676 3168 1879 3208 ensem

383 3232 775 3306 Fulmineum,
804 3231 1114 3307 strictoque
1141 3229 1271 3288 ferit
1298 3230 1613 3288 retinacula
1637 3229 1804 3287 ferre.
2238 3229 2352 3284 580

385 3310 548 3369 Idem
577 3329 780 3369 omnes
808 3309 979 3369 simul
1009 3310 1175 3366 ardor
1200 3308 1411 3376 habet:
1456 3309 1818 3386 rapiuntque,
1849 3306 2171 3381 ruuntque:

383 3389 603 3449 Littora
628 3387 969 3466 deseruere:
1011 3388 1156 3447 latet
1180 3387 1288 3446 sub
1316 3388 1596 3446 classibus
1623 3402 1849 3461 aequor:

381 3468 602 3528 Adnixi
629 3475 896 3545 torquent
922 3486 1177 3545 spumas,
1208 3475 1267 3526 et
1294 3464 1505 3525 caerula
1529 3472 1782 3523 verrunt.

461 3548 544 3605 Et
561 3550 684 3626 jam
705 3547 896 3623 prima
921 3566 1073 3604 novo
1102 3544 1405 3623 spargebat
1429 3543 1650 3601 lumine
1677 3550 1855 3601 terras

382 3625 625 3684 Tithoni
652 3635 918 3683 croceum
946 3625 1215 3702 linquens
1241 3626 1465 3682 Aurora
1493 3621 1684 3680 cubile
1710 3641 1723 3678 z
2084 3637 2090 3643 ·
2237 3621 2352 3676 585

380 3703 614 3780 Regina
640 3722 674 3761 e
702 3703 958 3780 speculis
981 3713 1045 3763 ut
1070 3700 1320 3781 primum
1347 3702 1645 3760 ¹albescere
1671 3700 1863 3758 lucem

382 3782 568 3859 Vidit,
599 3791 659 3841 et
686 3783 924 3859 aequatis
951 3782 1192 3840 classem
1221 3782 1536 3859 procedere
1562 3779 1728 3855 velis,

385 3861 718 3940 Litteraque
748 3866 808 3919 et'
832 3861 1052 3919 vacuos
1071 3861 1251 3919 sensit
1278 3861 1405 3920 sine
1436 3858 1649 3936 remige
1677 3864 1913 3937 portus3
