2717 4300
350 314 428 373 ⁹6
1151 312 1516 371 AENEmos

351 462 558 539 Exuit,
587 470 647 526 et
671 479 870 538 gressu
899 463 1155 537 gaudens
1182 463 1400 521 incedit
1428 463 1559 520 Iiili.

349 544 434 599 At
461 541 666 598 Venus
693 542 945 598 Ascanio
973 541 1258 617 placidam
1286 559 1391 617 per
1417 540 1958 617 membra‘quietem
2076 602 2081 611 ,

349 618 500 694 Irrig
501 628 594 691 at,
578 638 592 652 ·
638 625 697 676 et
722 617 906 675 fotum
934 619 1151 693 gremio
1181 619 1294 677 dea
1317 618 1465 676 tollit
1491 619 1550 675 in
1578 619 1724 677 altos

352 639 552 754 Idalgiae
578 695 759 769 lucOS,
789 695 887 753 ubi
914 696 1105 753 mollis
1131 696 1426 753 amaracus
1453 695 1616 754 illum

350 770 627 832 Floribus
654 783 713 831 et
740 773 897 830 dulci
924 774 1224 849 adspirans
1248 774 1652 859 complectitur
1676 773 1898 833 umbrd.

348 851 596 927 Jamque
624 850 761 927 ibat,
790 851 946 908 dicto
975 870 1199 928 parens,
1230 861 1286 909 et
1314 852 1466 908 dona
1493 846 1757 928 Cupido

349 929 541 1003 Regia
567 929 831 1020 portabat
847 929 1069 1004 Tyriis),
1100 931 1246 987 duce
1274 930 1443 987 laetus
1460 931 1712 991 ·.Achate

352 1007 554 1076 Quum
581 1007 760 1080 venit,
790 1006 1034 1064 aulaeis
1008 1027 1132 1085 Jam
1164 1027 1225 1065 se
1254 1007 1451 1082 regina
1477 1008 1740 1084 superbis

348 1085 546 1143 Aurea
572 1085 897 1161 composuit
923 1086 1163 1162 sponda,
1192 1086 1564 1162 mediamque
1592 1086 1823 1145 locavit.

427 1163 557 1220 Jam
575 1170 746 1240 pater
771 1163 994 1221 AEneas
1023 1173 1088 1220 et.
1098 1168 1223 1242 jam
1252 1164 1504 1241 Trojana
1536 1167 1800 1223 uventus

348 1241 743 1316 Conveniunt,
772 1248 1061 1317 stratoque
1089 1261 1263 1317 super
1290 1242 1514 1299 discum
1555 1243 1669 1300 itur
1693 1253 1865 1302 ostro.

349 1319 511 1376 Dant
536 1318 738 1377 samuli
768 1318 1034 1379 manibus
1062 1319 1347 1396 lymphas»,
1379 1320 1767 1401 Cereremque
1794 1322 2056 1382 canistris

349 1397 712 1473 Expediunt,
743 1397 1041 1473 tonsisque
1068 1398 1259 1456 serunt
1287 1398 1560 1455 mantelia
1585 1400 1757 1457 villis.

351 1475 790 1555 Quinquagintq
816 1476 967 1532 intus
995 1475 1250 1549 famulae,
1279 1476 1491 1551 quibus
1518 1476 1718 1535 ordine
1746 1478 1919 1551 longo

349 1554 509 1611 Cura
533 1571 753 1630 penum
783 1562 1017 1627 struere,
1047 1563 1106 1611 et
1131 1554 1376 1613 flammis
1404 1553 1633 1610 adolere
1661 1555 1932 1614 Penates.

350 1631 602 1700 Centum
632 1631 777 1705 aliae,
806 1630 1159 1707 totidemque
1186 1650 1355 1707 pares
1384 1639 1552 1688 aetate
1579 1631 1842 1707 ministri,

351 1697 471 1780 Qui
499 1709 742 1785 dapibus
770 1727 997 1765 mensas
1025 1717 1266 1766 onerent
1292 1717 1351 1766 et
1377 1709 1587 1785 pocula
1610 1720 1845 1785 ponant.

346 1787 411 1846 N
415 1806 480 1846 ec
508 1806 624 1844 non
654 1796 715 1845 et
740 1786 904 1862 Tyrii
929 1804 1034 1863 por
1059 1787 1259 1844 limina
1283 1786 1420 1845 laeta
1445 1787 1779 1880 frequentes

349 1863 714 1940 Convenere,
733 1866 881 1923 toris
902 1865 1051 1943 jussi
1078 1863 1438 1922 discumbere
1466 1866 1657 1943 pictis.

348 1942 635 2003 Mirantur
654 1943 805 2000 dona
831 1943 1075 2016 AEneae3
1120 1944 1396 2001 mirantur
1424 1944 1637 2019 Iulum,

347 2021 454 2080 Fla
458 2030 798 2098 grantesque
826 2022 922 2078 dei
948 2021 1160 2096 vultus,
1189 2022 1570 2099 simulataque
1596 2023 1791 2098 verba,

346 2099 709 2196 Fanumque,
740 2108 798 2158 et
821 2100 1041 2177 pictum
1070 2119 1272 2158 croceo
1299 2101 1569 2160 velamen
1597 2101 1864 2161 acantho.

346 2177 649 2256 Praecipue
678 2179 902 2254 infelix,
930 2181 1083 2257 pesti
1112 2180 1321 2237 devota
1343 2180 1574 2254 futurae,

345 2257 592 2335 Expleri
620 2266 877 2316 mentem
905 2259 1126 2335 nequit,
1156 2259 1515 2335 ardescitque
1541 2259 1782 2334 tuendo,

346 2335 685 2410 Phoenissa3
729 2346 789 2395 et
814 2356 995 2414 puero
1023 2338 1234 2413 pariter
1259 2338 1542 2414 donisque
1570 2347 1851 2395 movetur.

347 2414 474 2491 Ille,
503 2415 604 2473 ubi
631 2416 939 2492 complexu
966 2416 1176 2473 AEneae
1203 2415 1473 2491 colloque
1500 2415 1795 2491 pependit,

345 2493 429 2551 Et
456 2513 727 2569 magnum
756 2494 883 2551 salsi
910 2494 1176 2569 implevit
1201 2493 1475 2568 genitoris
1503 2511 1775 2568 amorem,

344 2572 633 2647 Reginam
662 2571 825 2650 petit.
911 2571 1060 2628 Haec
1090 2572 1294 2643 oculis,
1324 2571 1452 2629 haec
1458 2581 1713 2663 pectore
1742 2581 1888 2647 toto,

344 2651 567 2724 Haeret,
598 2658 657 2708 et
683 2650 969 2707 interdum
1000 2650 1220 2725 gremio
1249 2648 1425 2724 fovet,
1457 2649 1636 2706 inscia
1664 2649 1821 2707 Dido

346 2726 567 2786 Insidat
593 2735 838 2804 quantus
868 2727 1089 2784 miserae
1119 2727 1282 2784 deus.
1365 2732 1447 2786 At
1472 2747 1693 2785 memor
1717 2727 1817 2787 ille

343 2806 550 2865 Matris
576 2805 854 2882 Acidaliae
881 2794 1154 2882 paulatim
1184 2805 1414 2864 abolere
1444 2806 1757 2882 Sychaeum

345 2885 576 2962 Incipit,
606 2893 665 2942 et
690 2884 824 2942 vivo
852 2892 1035 2943 tentat
1059 2893 1405 2977 praevertere
1435 2904 1627 2943 amore

342 2963 377 3020 J
382 2983 470 3020 am
500 2964 723 3040 pridem
752 2963 967 3021 resides
997 2964 1219 3031 animos
1239 2962 1594 3040 desuetaque
1621 2964 1811 3023 corda.

422 3041 736 3119 Postquam
758 3042 942 3120 prima
968 3042 1131 3120 quies
1158 3042 1365 3119 epuliS‚
1396 3061 1728 3120 mensaeque
1756 3050 2013 3119 remotae,

345 3119 610 3180 Crateras
628 3141 876 3214 ‘magnos
904 3129 1188 3195 statuunt,
1208 3128 1266 3178 et
1292 3121 1431 3180 vina
1457 3130 1751 3179 coronant.

344 3199 444 3259 Fit
470 3200 740 3278 strepitus
760 3200 946 3273 tectiS,
973 3217 1293 3276 vocemque
1321 3220 1426 3277 per
1451 3201 1644 3276 ampla
1667 3199 1928 3258 volutant

344 3280 547 3337 Atria.
591 3280 924 3357 dependent
950 3278 1148 3355 lychni
1172 3278 1541 3366 laquearibus
1570 3277 1759 3338 aureis

346 3356 600 3431 Incensi,
631 3367 690 3417 et
715 3367 945 3418 noctem
971 3355 1219 3416 flammis
1245 3358 1466 3416 funalia
1490 3357 1748 3415 vincunt.

347 3434 465 3493 Hic
494 3436 687 3512 regina
716 3458 946 3512 gravem
976 3435 1219 3513 gemmis
1247 3455 1500 3514 auroque
1526 3434 1877 3512 poposcit,

348 3511 733 3590 Implevitque
763 3534 940 3590 mero,
967 3524 1241 3592 pateram,
1271 3535 1441 3592 quam
1472 3514 1652 3572 Belus
1680 3522 1740 3573 et
1764 3531 1968 3572 omnes

345 3595 401 3651 A
431 3592 579 3650 Belo
607 3592 777 3650 soliti.
860 3593 1013 3651 Tum
1041 3594 1191 3653 sacta
1217 3594 1446 3652 silentia
1471 3593 1671 3651 tectis:

345 3671 589 3748 Jupiter,
617 3671 956 3747 hospitibus
967 3691 1100 3732 nam
1130 3683 1186 3730 te
1214 3674 1397 3730 dare
1371 3691 1504 3751 Jura
1529 3670 1858 3747 loquuntur,

348 3751 528 3810 Hunc
555 3750 753 3808 laetum
780 3749 1088 3826 Tyriisque
1115 3752 1269 3808 diem
1300 3752 1593 3843 Trojaqtue
1619 3749 1888 3828 prosectis

350 3830 501 3888 Esse
529 3828 695 3904 velis,
722 3836 1061 3903 nostrosque
1088 3828 1261 3907 hujus
1289 3828 1623 3887 meminisse
1652 3830 1939 3887 minores·

2191 468 2317 525 690

2191 858 2314 914 695

2194 1249 2313 1304 '700

2193 1638 2313 1693 '705

2192 2029 2310 2084 ¹⁷10

2189 2420 2307 2475 ⁸⁷15

2190 2812 2307 2867 '720

2188 3203 2306 3259 '⁷25
