2717 4300
1192 339 1423 400 Lmen
1461 339 1517 399 X
2229 346 2339 402 w

377 485 624 565 Accipit,
654 494 714 545 et
738 486 899 554 molli
925 487 1272 552 subnectens
1298 488 1547 548 circulus
1575 507 1730 548 auro.
1824 497 1829 501 ’

270 569 279 576 ’
376 567 468 623 Te
494 584 722 642 quoquc
751 566 1126 639 magnanimae
1155 568 1440 642 viderunt,
1472 568 1707 642 Ismuc,
1737 578 1941 644 gentes

341 656 347 662 ’
375 643 641 702 Vulnera
667 644 930 718 dirigere,
961 653 1020 702 et
1045 646 1299 702 calamos
1328 663 1546 706 armare
1573 665 1824 723 venene,
1949 695 1958 699 -
2221 654 2335 717 140

377 722 658 796 Maeonia,
687 740 984 797 generose,
1014 723 1224 796 domo,
1265 724 1367 780 ubi
1393 725 1632 800 pinguia
1657 726 1814 784 culta
2095 741 2102 745 ’

376 802 784 875 Exercentque
812 801 939 874 viri,
970 801 1351 877 Pactolusque
1379 802 1574 878 irrigat
1601 822 1756 861 auro.

376 879 563 937 Affuit
588 887 647 935 et
673 878 1039 954 MnestheuS,
1069 898 1240 954 quem
1266 880 1426 972 pulsi
1446 880 1694 957 pristina
1710 880 1895 940 Turni
1935 930 1941 938 .

376 960 604 1032 Aggere
633 975 924 1016 murorum
936 958 1258 1018 sublimem
1286 958 1466 1033 gloria
1490 959 1671 1017 tollit:
2237 999 2240 1004 -

377 1037 460 1094 Et
485 1038 712 1125 Capys;
753 1034 892 1093 hinc
920 1055 1130 1104 nomen
1161 1037 1478 1113 Campanae
1501 1038 1728 1095 ducitur
1752 1036 1899 1096 urbi.
1961 1077 1970 1084 --
2149 1057 2155 1066 ’
2221 1043 2332 1097 145

457 1115 549 1182 Illi
575 1115 725 1182 inter
750 1131 877 1171 sese
903 1100 1031 1171 duri
1058 1116 1371 1174 certamina
1397 1115 1537 1174 belli

380 1177 791 1263 Contulerant3
835 1193 1026 1249 media
1054 1192 1272 1250 AEneas
1298 1193 1442 1252 sreta
1467 1202 1637 1253 noete
1665 1193 1922 1262 secabat.

379 1270 647 1346 Namque
674 1279 740 1327 ut
767 1269 836 1327 ab
865 1270 1140 1328 Evandro
1169 1270 1384 1329 castris
1393 1271 1685 1346 ingressus
1708 1272 1971 1330 Etruscis

378 1348 604 1424 Regem
632 1348 768 1422 adit,
798 1357 856 1405 et
883 1349 1015 1423 regi
1030 1335 1306 1406 memorat
1331 1367 1658 1425 nomenque
1685 1367 2015 1427 genusque·
1999 1385 2017 1422 ‚

383 1426 612 1497 Quidve
638 1433 815 1504 petat,
844 1426 1098 1502 quidve
1081 1445 1206 1503 ipse
1233 1427 1394 1501 ferat,
1422 1427 1752 1486 Mezentius
1780 1448 1937 1487 arma
2097 1493 2100 1496 Α
2218 1432 2331 1486 150

378 1505 529 1574 Quae
559 1504 667 1562 sibi
694 1505 982 1579 conciliet,
1010 1504 1375 1581 violentaque
1400 1514 1633 1582 pectora
1650 1506 1861 1582 Turni,
2036 1511 2042 1518 '
2111 1517 2114 1518 ’

378 1584 640 1655 Edocet3
684 1583 950 1642 humanis
978 1601 1107 1659 quae
1135 1583 1213 1641 sit·
1227 1584 1445 1661 fiducia
1470 1583 1640 1642 rebus

376 1626 699 1733 Admonet3
741 1662 1156 1738 immiscetque
1165 1680 1420 1740 preces:
1449 1661 1604 1722 haud
1630 1662 1696 1720 fit
1720 1677 1914 1737 mora3
1957 1661 2188 1722 Tarcho

375 1740 575 1814 Ju‘ngit
601 1757 758 1816 opeS,
787 1740 1084 1816 foedusque
1110 1740 1256 1798 ferit.
1339 1740 1495 1797 Tum
1523 1740 1705 1798 libera
1728 1740 1833 1800 fani
2000 1749 2030 1804 3
2265 1790 2272 1793 .

378 1818 639 1875 Classem
665 1819 1045 1876 conscendit
1020 1819 1198 1896 jussis
1223 1837 1366 1894 gens
1393 1818 1579 1894 Lydia
1605 1818 1823 1894 divum,
1864 1845 1868 1851 ·
2206 1822 2331 1895 Ι1155

378 1887 637 1955 Externo
665 1896 972 1956 commissa
997 1897 1155 1954 duci.-
1229 1896 1450 1954 AEnei'a
1472 1897 1681 1974 puppis
1735 1933 1746 1939 -
2080 1908 2089 1915 ‘

375 1976 572 2033 Prima
598 1983 775 2049 tenet,
804 1979 1001 2038 rostro
1010 1974 1294 2051 Phrygios
1321 1975 1626 2053 subjuncta
1645 1974 1889 2034 leones:

378 2054 649 2111 Imminet
678 2053 781 2110 Ida
808 2072 1002 2131 super,
1023 2054 1276 2132 profugis
1303 2054 1624 2128 gratissima
1648 2053 1930 2114 Teucris.
1990 2105 1994 2109 ,

377 2131 493 2190 Hic
522 2152 760 2208 magnus
789 2133 952 2191 sedet
977 2131 1212 2205 AEneas,
1239 2151 1554 2208 secumque
1580 2132 1800 2193 volutat
2151 2177 2156 2181 >

375 2211 640 2276 Eventus
666 2210 804 2269 belli
831 2211 1049 2271 varios:
1087 2210 1411 2287 Pallasque,
1441 2211 1667 2269 sinistro
1901 2228 1906 2234 ·
2219 2215 2336 2269 160'

375 2288 600 2355 Affixus
627 2289 807 2365 lateri,
828 2292 952 2367 jam
979 2289 1184 2365 quaerit
1210 2288 1418 2364 sidera,
1447 2306 1643 2365 opacae
1927 2297 1929 2299 ’
1983 2317 1987 2320 <
2088 2324 2100 2345 -.

375 2363 587 2426 Noctis
610 2369 735 2443 iter,
755 2371 878 2447 jam
904 2386 1033 2443 quae
1060 2385 1260 2444 passus
1287 2367 1553 2442 terraque
1580 2366 1870 2442 marique.
1950 2406 1954 2410 »

455 2446 697 2505 Pandite
724 2466 880 2504 nunc
908 2446 1222 2519 Helicona,
1243 2445 1412 2519 Deae,
1442 2452 1777 2537 cantusque·
1787 2451 2046 2518 movete3

379 2524 526 2594 Quae
556 2545 758 2585 manus
785 2525 1005 2583 interea
1030 2524 1238 2582 Tuscis
1265 2524 1570 2586 comitetur
1597 2522 1669 2582 ab
1697 2523 1810 2581 oris
1887 2562 1890 2567 2
1977 2542 1990 2549 ·
2201 2572 2208 2577 ,

299 2673 302 2676 ἢ
373 2603 628 2679 AEnean,
658 2612 950 2680 armetque
977 2611 1145 2677 rates,
1171 2601 1495 2679 pelagoque
1522 2602 1781 2660 vehatur.
1978 2638 1982 2645 ·
2219 2605 2331 2661 165

453 2682 740 2747 Massicus
769 2683 941 2740 aerata
965 2682 1243 2759 princeps
1258 2690 1419 2740 secat
1444 2699 1675 2774 aeOquora
1693 2674 1898 2773 Tigri.

379 2760 499 2817 Sub
526 2779 639 2836 quo
667 2760 825 2819 mille
853 2779 1056 2818 manus
1073 2763 1379 2838 juvenum,
1406 2760 1507 2836 qui
1531 2759 1747 2820 moenia
1772 2740 1957 2834 Clusi,

379 2837 610 2914 Quique
630 2839 830 2897 urbem
856 2837 1077 2914 liquere
1103 2838 1304 2912 Cosas,
1333 2839 1497 2915 queis
1524 2838 1658 2912 tela,
1686 2837 1925 2913 sagitta,

377 2916 689 2993 Corytique
716 2917 899 2985 leves
902 2915 1160 2974 humeris
1187 2924 1247 2974 et
1271 2917 1459 2975 letifer
1485 2935 1667 2975 arcus.

377 2995 515 3054 Una
540 3004 735 3055 torvus
763 2993 963 3055 Abas
941 3035 979 3067 ,
1000 2991 1138 3051 huic
1164 3001 1346 3052 totum
1374 2994 1696 3070 insignibus
1724 2993 1898 3053 armis
2091 3011 2098 3015 ’
2222 2993 2334 3049 170

377 3075 627 3148 Agmen,
654 3082 713 3132 et
739 3081 934 3133 aurato
960 3071 1215 3149 fulgebat
1237 3071 1509 3149 Apolline
1535 3072 1764 3149 puppis.
1820 3100 1828 3107 ·

381 3151 696 3210 Sexcentos
724 3153 807 3210 illi
834 3151 1071 3209 dederat
1088 3145 1419 3228 Populonia
1445 3159 1628 3209 mater

379 3231 668 3307 Expertes
696 3230 834 3288 belli
854 3233 1138 3309 juvenes·
1183 3236 1269 3286 ast
1297 3227 1423 3285 Ilva
1448 3236 1732 3290 trecentos

380 3308 598 3383 Insula,
625 3309 982 3371 inexhaustis
1011 3307 1343 3402 Chalybum
1372 3325 1651 3382 generosa
1676 3303 1941 3363 metallis.

379 3386 628 3462 TertiuS,
656 3386 755 3445 ille
780 3387 1081 3447 hominum
1107 3384 1420 3477 divumque
1445 3386 1730 3461 interpres
1751 3383 1980 3459 Asylas,
2221 3385 2333 3441 175

378 3465 491 3524 Cui
507 3466 803 3543 pecudum
830 3465 1007 3541 fibrae,
1037 3465 1168 3524 coeli
1195 3463 1290 3522 cui
1316 3464 1516 3521 sidera
1527 3468 1778 3558 parent,

378 3544 461 3602 Et
485 3544 696 3620 linguae
724 3544 1044 3624 volucrum,
1069 3553 1128 3605 et
1152 3541 1395 3619 praesagi
1423 3539 1723 3599 fulminis
1707 3557 1890 3615 ignes,

379 3622 548 3681 Mille
577 3623 723 3699 rapit
747 3624 955 3680 densos
982 3623 1114 3680 acie
1135 3630 1305 3698 atque
1331 3619 1695 3697 horrentibus
1720 3610 1922 3676 hastis.

379 3700 508 3759 Hos
533 3719 734 3777 parere
753 3701 960 3780 jubent
984 3700 1233 3776 Alpheae
1264 3699 1333 3759 ab
1363 3699 1590 3774 origine
1598 3685 1785 3772 -Pisae,
1999 3722 2004 3739 ›

378 3779 535 3840 Urbs
563 3780 810 3838 Etrusca
834 3779 975 3837 solo·
1060 3779 1329 3855 Sequitur
1352 3777 1771 3869 pulcherrimus
1798 3776 2022 3848 Astur,
2222 3776 2334 3831 180

377 3860 556 3925 Astur
582 3877 731 3934 equo
757 3858 963 3931 fidenS,
991 3863 1050 3914 et
1074 3856 1522 3949 versicoloribus
1542 3856 1731 3914 armis.
2082 3889 2092 3900 ·
2244 3861 2248 3865 ’
