2717 4300
1156 299 1404 357 LIBER,
1426 302 1528 358 lv.
2249 309 2356 365 1oe

459 445 541 505 ·At
567 442 704 504 vero
734 446 956 503 AEneas
985 448 1257 524 adspectu
1286 447 1575 507 obmutuit
1603 469 1841 525 amens;

381 524 756 599 Arrectaeque
783 523 1015 582 horrore
1043 544 1245 600 comae,
1274 535 1333 584 et
1359 545 1477 583 vox
1502 526 1767 586 faucibus
1793 528 1980 589 haenit.
2234 538 2352 593 280

379 602 563 660 Ardet
592 603 747 659 abire
774 602 930 677 fuga,
962 602 1279 678 dulcesque
1308 604 1631 679 relinquere
1659 614 1855 683 terras,

380 680 677 737 Attonitus
704 688 861 738 tanto
894 680 1113 739 monitu
1142 681 1499 759 imperioque
1528 683 1787 741 deorum.

383 757 555 814 Heu!
600 758 739 834 quid
768 760 935 832 agat?
979 778 1093 834 quo
1120 778 1277 819 nunc
1304 760 1558 836 reginam
1588 761 1806 819 ambire
1831 761 2118 825 fruentem

382 835 614 893 Audeat
641 834 854 892 affatu?
898 855 1027 911 quse
1056 837 1245 913 prima
1272 837 1511 895 exordia
1536 842 1765 897 sumat?
2034 906 2041 915 ί
2118 838 2121 841 “

381 914 574 989 Atque
603 913 856 970 animum
892 914 1048 971 nunc
1078 915 1195 972 huc
1221 914 1491 991 celerem,
1522 935 1675 974 nunc
1705 917 1909 976 dividit
1933 917 2096 997 illuc,
2229 924 2348 982 285

384 989 452 1046 In
479 999 785 1067 partesque
815 992 963 1066 rapit
990 992 1193 1068 varias,
1211 1012 1440 1069 ,perque
1467 994 1664 1051 omnia
1688 1003 1895 1055 versat.

383 1067 533 1125 Haec
562 1068 862 1126 alternanti
889 1070 1074 1145 potior
1102 1070 1388 1129 sententia
1412 1069 1536 1128 visa
1562 1081 1666 1130 est.

382 1145 711 1220 Mnesthea,
745 1147 1193 1224 Sergestumque
1219 1156 1408 1224 vocat,
1436 1148 1755 1225 fortemque
1783 1151 2174 1229 Cloanthum;

383 1222 644 1282 Classem
672 1233 867 1301 aptent
894 1225 1073 1300 taciti,
1102 1225 1293 1287 socios
1323 1226 1395 1282 ad
1421 1225 1612 1289 littora
1637 1236 1863 1306 cogant,

383 1300 560 1358 Arma
583 1311 804 1377 parent,
834 1309 893 1359 et
919 1320 1050 1377 quae
1080 1303 1154 1361 sit
1179 1302 1349 1361 rebus
1384 1322 1562 1361 causa
1586 1307 1868 1363 novandis
2229 1315 2346 1368 290

381 1379 800 1438 Dissimulent:
843 1398 972 1440 sese
1000 1380 1236 1455 interea,
1266 1381 1496 1457 quando
1525 1382 1741 1458 optima
1766 1383 1927 1442 Dido

381 1456 642 1533 Nesciat,
673 1466 732 1516 et
757 1466 944 1516 tantos
972 1459 1159 1535 rumpi
1184 1477 1299 1530 non
1327 1467 1520 1535 speret
1546 1478 1788 1537 amores,

382 1534 763 1594 Tentaturum
792 1536 997 1611 adituS,
1026 1544 1086 1594 et
1111 1555 1239 1612 quae
1268 1536 1605 1595 mollissima
1629 1528 1788 1597 fandi

381 1613 688 1691 Tempora,
718 1615 843 1690 quis
869 1614 1041 1673 rebus
1069 1615 1269 1674 dexter
1295 1615 1523 1673 modus.
1607 1614 1792 1690 Ocius
1820 1635 2022 1677 omnes

384 1691 635 1770 Imperio
662 1692 781 1750 laeti
807 1700 1027 1770 parent,
1057 1713 1124 1750 ac
1143 1696 1308 1773 jussa
1330 1693 1640 1752 facessunt.
1822 1695 1829 1699 ’
2225 1700 2343 1756 295

458 1773 539 1828 At
565 1771 764 1846 regina
790 1771 952 1829 dolos
988 1772 1147 1847 (quis
1173 1771 1369 1828 fallere
1395 1772 1580 1848 possit
1606 1780 1896 1833 amantem
1913 1772 1968 1852 ?)

379 1847 707 1923 Praesensit,
736 1856 1037 1926 motusque
1066 1849 1296 1925 excepit
1320 1850 1506 1928 prima
1529 1849 1773 1926 futuros,

382 1925 594 1984 Omnia
620 1934 743 1985 tuta
765 1928 1012 1986 timens:
1057 1928 1260 1985 eadem
1287 1928 1466 2004 impia
1490 1928 1674 1991 Fama
1698 1927 1911 1988 furenti

380 2004 605 2063 Detulit
631 2006 833 2063 armari
860 2005 1122 2082 classem,
1152 2025 1504 2082 cursumque
1529 2006 1735 2084 parari.

382 2082 561 2156 Saevit
585 2084 751 2162 inops
780 2084 976 2159 animi,
1005 2091 1297 2161 totamque
1324 2085 1564 2143 incensa
1588 2104 1693 2163 per
1719 2084 1923 2144 urbem
2221 2090 2338 2146 300

379 2161 735 2221 Bacchatur:
778 2163 962 2240 qualis
990 2164 1293 2221 commotis
1321 2164 1512 2221 excita
1537 2164 1711 2221 sacris

379 2239 616 2316 Thyias,
645 2240 748 2299 ubi
775 2242 967 2299 audito
995 2240 1290 2298 stimulant
1313 2241 1601 2299 trieterica
1626 2239 1862 2299 Baccho
1949 2288 1955 2292 ,

380 2317 571 2394 Orgia,
600 2328 1027 2395 nocturnusque
1053 2326 1221 2376 vocat
1247 2318 1500 2376 clamore
1527 2317 1839 2376 Cithaemn.

378 2395 641 2454 Tandem
668 2397 768 2456 his
786 2397 1019 2455 AEnean
1047 2396 1359 2473 compellat
1384 2397 1627 2459 vocibus
1654 2394 1839 2454 ultro:

455 2474 834 2534 Dissimulare
861 2475 1035 2536 etiam
1062 2474 1322 2553 sperasti,
1349 2475 1588 2551 perfide,
1619 2481 1841 2533 tantum
2217 2479 2336 2535 305

375 2550 555 2611 Posse
584 2553 764 2628 nefaS,
792 2554 1115 2630 tacitusque
1144 2552 1276 2610 mea
1305 2553 1587 2628 decedere
1614 2551 1807 2611 terra?

375 2629 508 2689 Nec
534 2639 591 2689 te
619 2640 813 2689 noster
839 2651 1014 2706 amor,
1043 2650 1153 2689 nec
1182 2640 1240 2689 te
1269 2631 1404 2689 data
1431 2631 1670 2689 dextera
1695 2630 2003 2709 quondam,

374 2707 438 2766 N
439 2726 507 2766 ec
532 2710 805 2768 moritura
828 2717 988 2767 tenet
1014 2710 1234 2768 crudeli
1259 2709 1461 2768 funere
1487 2708 1645 2766 Dido
1668 2710 1691 2765 ?

377 2785 535 2856 Quin
565 2788 737 2846 etiam
764 2787 1005 2845 hiberno
1033 2787 1248 2845 moliris
1276 2788 1465 2846 sidere
1492 2787 1754 2861 classem,

374 2864 457 2922 Et
482 2866 686 2924 mediis
710 2885 985 2944 properas
1011 2865 1395 2943 Aquilonibus
1422 2865 1506 2923 ire
1532 2884 1639 2942 per
1663 2864 1861 2940 altum,
2216 2868 2333 2924 310

376 2943 689 3002 Crudelis?
773 2943 974 3014 Quid?
1030 2944 1079 2999 si
1105 2962 1222 3000 non
1250 2962 1386 3003 arva
1414 2942 1601 3001 aliena
1629 2943 1943 3020 domosque

375 3019 606 3095 Ignotas
632 3030 880 3100 peteres,
909 3028 969 3078 et
995 3019 1172 3097 Troja
1198 3021 1432 3096 antiqua
1457 3027 1731 3094 maneret,

373 3098 548 3177 Troja
573 3120 677 3179 per
700 3100 987 3158 undosum
1012 3106 1300 3174 peteretur
1325 3098 1603 3157 classibus
1631 3099 1870 3174 aequor?

374 3176 554 3235 Mene
580 3178 773 3255 sugis?
814 3179 930 3236 Per
955 3196 1063 3252 ego
1090 3176 1194 3234 has
1220 3175 1499 3252 lacrymas
1526 3178 1904 3252 dextramque
1931 3183 2108 3252 tuam,
2136 3181 2214 3251 te,

382 3252 660 3329 (Quando
690 3256 844 3315 aliud
871 3255 1016 3314 mihi
1036 3256 1160 3332 jam
1187 3253 1409 3312 miserae
1436 3254 1578 3312 nihil
1608 3255 1736 3332 ipsa
1761 3251 1993 3331 reliqui)
2217 3256 2332 3312 315

355 3333 486 3390 Per
511 3334 802 3393 connubia
827 3345 1041 3408 nostra,
1068 3352 1173 3409 per
1197 3332 1456 3409 inceptos
1482 3332 1836 3408 hymenaeos,

375 3410 436 3467 Si
463 3412 614 3470 bene
641 3414 781 3489 quid
808 3415 881 3473 de
908 3422 966 3472 te
993 3410 1196 3485 merui,
1222 3410 1332 3469 fuit
1358 3419 1455 3469 aut
1479 3410 1586 3469 tibi
1614 3410 1926 3486 quidquam

368 3485 559 3549 Dulce
585 3510 801 3566 meum,
830 3492 1099 3549 miserere
1129 3487 1332 3554 domus
1359 3486 1625 3563 labentis,
1654 3496 1714 3566 et
1739 3487 1927 3564 istam,

370 3565 507 3644 Orc,
538 3569 587 3625 si
615 3571 742 3646 quis
770 3569 957 3628 adhuc
983 3568 1249 3646 precibus
1278 3566 1458 3641 locus,
1488 3585 1638 3624 exue
1666 3574 1937 3626 mentem.

368 3644 459 3703 Te
484 3656 717 3724 propter
744 3648 978 3725 Libycae
1004 3654 1206 3740 gentes
1232 3645 1681 3722 Nomadumque
1707 3646 1934 3723 tyranni
2213 3648 2330 3704 820

369 3722 600 3799 Odere3
643 3725 853 3784 infensi
879 3725 1079 3802 Tyrii:
1123 3734 1181 3784 te
1207 3732 1441 3802 propter
1468 3725 1737 3783 eumdem

368 3801 678 3862 Extinctus
705 3805 908 3882 pudor,
938 3812 1014 3876 et,
1043 3804 1156 3881 quii.
1184 3803 1307 3861 solii.
1334 3802 1525 3862 sidera
1550 3803 1796 3877 adibam,

365 3878 548 3939 Fama
573 3883 744 3958 prior.
828 3883 940 3941 Cui
969 3901 1061 3939 me
1089 3882 1487 3941 moribundam
1513 3881 1751 3956 deser-iu,
1778 3879 2035 3957 hospes?
