2717 4300
1227 283 1462 341 LIBER.
1496 282 1595 343 lv.

425 433 616 493 Tecta
639 442 791 493 serat
814 429 931 491 late
962 431 1201 506 circum,
1229 432 1325 490 cui
1351 432 1489 492 talia
1514 451 1708 506 ουτως

432 513 568 589 lpse
595 513 788 570 labore
817 529 1050 570 manum
1080 512 1220 569 duro
1248 520 1426 585 terat-3
1467 513 1594 589 ipse
1621 512 1841 571 feraces

430 592 600 668 Figat
621 591 797 649 humo
824 590 1069 666 plantaS,
1098 597 1158 649 et
1185 591 1399 647 amicos
1426 591 1622 666 irriget
1639 590 1877 651 imbres.

509 674 702 746 Atque
730 669 1018 745 equidem,
1048 676 1306 726 extremo
1333 669 1396 726 ni
1413 671 1537 747 jam
1564 669 1680 727 sub
1698 669 1834 729 fine
1842 668 2102 729 laborum

432 748 583 805 Vela
611 748 850 819 traham,
878 755 939 804 et
963 748 1127 805 terris
1154 747 1426 814 festinem
1443 748 1745 807 advertere
1774 766 2023 824 proram,

432 826 695 885 Forsitan
724 835 782 883 et
805 826 1051 902 pingues
1079 825 1272 883 hortos
1298 844 1428 900 quae
1456 845 1592 884 cura
1617 825 1849 891 colendi

433 904 679 963 Ornaret
704 922 990 981 canerem,
1020 904 1298 983 biferique
1325 905 1540 965 rosaria
1565 904 1773 978 Paesti·
1757 946 1775 978 ,

434 982 682 1060 Quoque
709 983 879 1039 modo
905 984 1058 1059 potis
1085 984 1402 1058 gauderent
1426 982 1624 1059 intyba
1651 983 1806 1058 rivis,

428 1061 515 1120 Et
536 1061 749 1118 virides
777 1061 908 1137 apio
935 1062 1096 1139 ripae,
1126 1068 1420 1137 tortusque
1446 1079 1553 1138 per
1575 1060 1815 1127 herbam

433 1140 775 1197 cresceret
760 1159 818 1196 m
846 1149 1105 1197 ventrem
1134 1140 1428 1212 cucumis;
1469 1157 1579 1197 nec
1610 1157 1738 1197 sera
1762 1146 2087 1199 comantem

433 1217 790 1291 Narcissum,
820 1226 917 1275 aut
941 1218 1083 1275 flexi
1111 1218 1417 1275 tacuissem
1444 1217 1640 1275 vimen
1668 1218 1917 1291 acanthi,

434 1295 837 1373 Pallentesque
866 1296 1128 1370 hederas,
1159 1304 1219 1353 et
1245 1304 1507 1353 amantes
1534 1296 1721 1353 littora
1747 1305 1979 1372 myrtos.

510 1374 780 1450 Namque
807 1374 914 1432 sub
946 1374 1199 1433 OEbaliae
1228 1374 1467 1431 memini
1496 1392 1592 1431 me
1619 1374 1864 1433 turribus
1891 1374 2056 1450 arcis,

430 1453 568 1524 Qua
595 1453 757 1528 niger
784 1452 1076 1511 humectat
1099 1453 1372 1510 flaventia
1397 1452 1551 1511 culta
1575 1452 1858 1529 Galaesus,

431 1533 741 1608 Corycium
769 1531 982 1589 vidisse
1009 1549 1229 1605 senem,
1258 1533 1351 1590 cui
1371 1550 1566 1607 -pauca
1591 1531 1776 1591 relicti

429 1610 644 1685 Jugera
669 1611 812 1667 ruris
839 1619 1033 1682 erant3
1075 1627 1184 1667 nec
1211 1610 1412 1668 fertilis
1439 1610 1537 1667 illa
1553 1611 1845 1688 Juvencis,

431 1689 564 1747 Nec
592 1689 788 1765 pecori
815 1696 1137 1764 opportuna
1162 1706 1347 1764 seges,
1377 1707 1486 1747 nec
1515 1689 1820 1761 commoda
1846 1688 2100 1751 Baccho

432 1766 550 1825 Hic
576 1786 765 1824 rarum
793 1775 985 1824 tamen
1013 1768 1074 1831 in
1102 1768 1290 1825 dumis
1318 1767 1465 1841 oluS,
1495 1768 1738 1844 albaque
1765 1764 1984 1825 circum

431 1845 600 1919 Lilia,
628 1844 1023 1921 verbenasque
1046 1864 1337 1922 premens,
1366 1864 1719 1923 vescumque
1745 1864 2018 1922 papaver,

430 1923 665 1999 Regum
695 1924 958 1999 aequabat
982 1941 1124 1999 opes
1152 1924 1391 1981 animis·
1375 1965 1392 1996 ,
1436 1942 1677 2001 seraque
1706 1932 1998 1983 revertens

432 2002 624 2060 Nocte
654 2003 906 2077 domum,
937 2001 1180 2078 dapibus
1202 2016 1434 2061 mensas
1460 2003 1736 2061 onerabat
1759 2001 2051 2078 inemptis.
2083 2052 2098 2067 ,

433 2080 659 2138 Primus
686 2098 821 2139 vere
848 2099 1054 2155 rosam,
1085 2089 1255 2158 atque
1284 2089 1557 2141 autumno
1584 2099 1819 2158 carpere
1845 2097 2053 2158 poma-5

432 2160 515 2217 Et
540 2179 715 2235 quum
744 2160 916 2217 tristis
942 2158 1132 2216 biems
1159 2159 1476 2216 etiamnum
1501 2159 1712 2234 frigore
1737 2177 1878 2216 saxa

433 2238 588 2298 Ram
588 2245 770 2315 peret,
798 2245 857 2296 et
883 2237 1068 2313 glacie
1082 2255 1294 2295 cursus
1318 2235 1586 2295 fraenaret
1613 2253 1904 2312 aquarum,

329 2323 336 2328 '
434 2316 543 2373 llle
571 2335 796 2374 comam
823 2314 1058 2374 mollis
1031 2334 1155 2393 Jam
1183 2313 1459 2373 tondebat
1483 2313 1801 2390 hyacinthi,

432 2394 718 2453 AEstatem
746 2395 1099 2487 increpitans
1127 2413 1334 2468 seram,
1363 2391 1763 2470 zephyrosque
1791 2398 2096 2450 morantes.

432 2472 590 2549 Ergo
620 2473 823 2550 apibus
849 2471 1001 2532 foetis
1024 2472 1184 2530 idem
1212 2481 1384 2548 atque
1411 2472 1682 2530 examine
1709 2471 1891 2529 multo

432 2551 663 2610 Primus
692 2552 1000 2626 abundare,
1028 2559 1089 2608 et
1115 2551 1443 2628 spumantia
1469 2569 1675 2626 cogere
1702 2549 1914 2627 pressis

432 2630 617 2688 Mella
645 2630 827 2689 favis:
871 2629 956 2688 illi
982 2630 1141 2705 tiliae,
1172 2640 1342 2707 atque
1370 2628 1659 2688 uberrima
1683 2630 1894 2706 pinus:

431 2708 750 2786 Quotque
734 2729 794 2766 m
821 2708 960 2766 flore
988 2728 1138 2767 novo
1164 2709 1354 2786 pomis
1382 2727 1446 2770 se
1472 2707 1673 2766 fertilis
1699 2706 1866 2767 arbos

433 2787 725 2861 Induerat,
752 2787 993 2847 totidem
1017 2797 1290 2846 autumno
1318 2795 1540 2846 matura
1564 2777 1815 2845 tenebat-

434 2866 544 2924 Ille
572 2867 746 2925 etiam
774 2885 927 2924 seras
954 2867 1013 2924 in
1042 2885 1271 2925 versum
1298 2865 1520 2925 distulit
1545 2865 1751 2939 ulmos,
1855 2925 1860 2934 ,

435 2944 806 3020 Eduramque
832 2945 1044 3038 pirum,
1073 2953 1149 3002 et
1159 2945 1358 3079 spinos
1378 2948 1501 3023 Jam
1521 2963 1709 3021 pruna
1732 2943 2001 3016 ferentes,

422 3022 679 3118 Jamque
706 3024 1121 3082 ministrantem
1115 3042 1189 3157 οὲ)
1193 3023 1447 3086 latanum
1474 3022 1804 3100 potantibus
1829 3021 2080 3080 umbras.

436 3099 658 3160 Verum
685 3102 858 3160 haec
842 3121 966 3179 lpse
994 3102 1132 3236 equi
1173 3119 1287 3171 em,
1316 3102 1515 3176 spatiis
1543 3100 1853 3160 exclusus
1836 3099 2069 3175 iniquis,

433 3179 742 3254 Praetereo,
772 3190 943 3258 atque
970 3180 1024 3238 al
1026 3181 1098 3238 iis
1124 3186 1256 3256 post
1282 3199 1378 3237 me
1404 3181 1778 3238 memoranda
1803 3178 2081 3253 relinquo.

511 3259 689 3317 Nune
717 3279 843 3335 age,
870 3268 1100 3320 naturas
1128 3257 1332 3334 apibus
1359 3261 1500 3336 quas
1524 3258 1793 3335 Jupiter
1777 3274 1905 3333 lpse

437 3337 675 3395 Addidit
700 3339 1043 3415 expediam:
1087 3355 1192 3414 pro
1221 3337 1334 3413 qua
1365 3338 1653 3410 mercede,
1682 3352 1923 3393 canoros

432 3416 712 3474 Curetum
742 3417 964 3475 sonitus
991 3415 1446 3492 crepitantiaque
1473 3432 1588 3471 aera
1612 3407 1850 3488 secutae,

436 3494 666 3554 Dictaeo
694 3495 827 3554 coeli
857 3514 1049 3570 regem
1077 3491 1292 3570 pavere
1320 3491 1428 3550 sub
1457 3500 1636 3550 antro.

435 3571 588 3630 801ae
618 3593 960 3632 communes
985 3581 1168 3647 natos,
1196 3571 1486 3630 consortia
1510 3577 1664 3629 tecta

435 3651 610 3711 Urbis
637 3652 873 3727 habent,
904 3652 1239 3727 magnisque
1267 3651 1486 3746 agitant
1509 3649 1617 3707 sub
1643 3647 1868 3724 legibus
1896 3665 2118 3725 aevum3

438 3730 516 3787 Et
539 3731 783 3807 patriam
813 3731 972 3804 solae,
1002 3738 1063 3788 et
1087 3739 1273 3788 certos
1300 3747 1516 3787 novere
1541 3737 1822 3805 penates.

436 3808 493 3866 V
494 3818 832 3885 enturoeque
859 3808 1067 3868 hiemis
1095 3827 1401 3885 memores,
1433 3814 1629 3867 aestate
1655 3798 1912 3868 laborem

2277 593 2391 653 115

2275 985 2389 1042 120

2277 1378 2388 1433 125

2275 1769 2388 1825 130

2276 2158 2492 2214 135’

2281 2548 2393 2604 140

2284 2941 2396 2997 145

2285 3331 2397 3388 150

2286 3721 2398 3778 155
