2717 4300
352 315 463 372 288
1160 311 1526 369 munos

342 462 418 521 ‘Si
442 481 602 520 mora
624 460 923 539 praesentis
947 457 1049 518 leti
1072 468 1416 538 tempusque
1441 461 1663 521 caduco

351 539 563 598 Oratur
577 539 802 617 juveni,
830 556 1037 616 meque
1064 539 1175 596 hoc
1200 539 1283 596 ita
1305 557 1523 616 ponere
1548 538 1762 614 sentin

350 616 520 674 Tolle
547 617 684 693 fuga
711 616 995 690 Turnum,
1024 625 1194 691 atque
1219 616 1565 675 instantibus
1593 617 1753 709 eripe
1780 616 1952 675 satis:

350 693 649 752 Hactenus
674 693 979 751 indulsisse
1006 702 1187 751 vacat.
1273 695 1378 752 Sin
1406 694 1572 752 altior
1595 695 1722 754 isus

353 771 475 829 Sub
500 770 771 848 precibus
797 771 972 828 venia
994 771 1113 828 ulla
1136 762 1294 845 la'tet,
1323 780 1621 864 totumque
1647 771 1866 831 moveri

347 848 637 921 Mutarive
663 856 830 925 putas
856 847 1110 921 bellum;
1153 867 1287 925 spes
1313 850 1503 926 pascis
1530 868 1751 908 inanes.
1861 897 1868 902 .

347 924 428 983 Et
453 926 607 984 Juno
635 926 1060 1001 adlacrymans:
1106 926 1265 997 Quid
1292 928 1360 1001 si,
1390 928 1544 1004 quod
1569 946 1715 986 voce
1741 927 2013 1003 gravaris,

346 1002 553 1064 Mente
581 1004 781 1075 dares3
823 1011 994 1080 atque
1021 1003 1149 1062 haec
1177 1004 1380 1062 Turno
1405 1013 1528 1062 rata
1550 1005 1671 1062 vita
1695 1007 1996 1064 maneret?

346 1079 406 1137 N
410 1099 527 1138 une
557 1090 752 1140 manet
776 1082 1064 1140 insontem
1091 1082 1281 1157 gravis
1308 1082 1519 1157 exitus,
1547 1091 1648 1141 aut
1673 1101 1782 1157 ego
1807 1083 1932 1141 veri

345 1158 518 1215 Vana
541 1159 727 1217 feror:
769 1159 925 1236 quod
952 1167 1018 1217 ut
1041 1177 1078 1216 o
1103 1156 1298 1237 potius
1323 1159 1629 1218 formidine
1654 1160 1799 1218 falsa
1897 1192 1904 1197 ·

346 1237 576 1309 Ludar3
619 1244 679 1295 et
704 1237 765 1294 in
793 1236 1002 1294 melius
1028 1244 1146 1311 tua,
1176 1237 1276 1314 qni
1294 1245 1482 1313 potes,
1510 1257 1639 1295 orsa
1657 1238 1951 1298 reflectas!
2007 1241 2020 1245 ’

425 1315 572 1372 Haec
600 1314 700 1372 ubi
727 1315 881 1373 dicta
900 1314 1087 1388 dedit,
1116 1315 1267 1373 coelo
1289 1333 1354 1373 se
1379 1323 1654 1391 protenus
1682 1315 1797 1375 alto

344 1390 543 1466 Misit,
559 1411 735 1468 agens
763 1393 1036 1467 hiemem,
1064 1392 1265 1449 nimbo
1289 1393 1585 1451 succincta
1609 1411 1716 1470 per
1741 1411 1948 1452 auras:

349 1470 708 1547 Iliacamque
731 1471 915 1528 aciem
944 1479 1005 1529 et
1029 1470 1340 1528 Laurentia
1365 1478 1551 1540 castra
1573 1471 1796 1547 petivit.

345 1546 503 1605 Tum
532 1548 643 1605 dea
668 1546 824 1605 nube
848 1541 995 1605 cava
1020 1554 1257 1605 tenuem
1284 1548 1416 1605 sine
1437 1548 1657 1605 viribus
1677 1547 1944 1606 umbram

347 1623 416 1681 In
443 1625 648 1682 faciem
667 1624 879 1692 AEneoe
914 1623 1072 1700 (visu
1100 1625 1361 1682 mirabile
1388 1625 1734 1703 monstrum)

345 1702 651 1759 Dardaniis
677 1709 842 1760 ornat
865 1702 1034 1774 telis3
1077 1701 1460 1779 clypeumque
1477 1702 1765 1780 jubasque
1847 1715 1860 1728 ⁴

345 1780 546 1837 Divini
575 1778 870 1838 assimulat
894 1780 1097 1857 capitis
1117 1800 1134 1853 3
1171 1781 1277 1838 dat
1300 1780 1498 1838 inania
1520 1780 1734 1856 verba3

344 1859 465 1917 Dat
489 1858 614 1916 sine
641 1865 836 1916 mente
861 1877 1091 1933 sonum,
1119 1877 1464 1935 gressusque
1491 1858 1715 1935 effingit
1738 1857 1969 1918 euntis:

345 1936 538 1994 Morte
564 1935 722 1994 obita
748 1936 946 2011 quales
971 1935 1126 1995 fama
1150 1947 1240 1995 est
1263 1936 1502 1995 volitare
1528 1939 1758 2014 figuras,
1915 1965 1924 1976 ’

344 2014 467 2072 Aut
492 2032 624 2089 qnoe
652 2014 867 2091 sopitos
893 2013 1175 2094 deludunt
1198 2016 1425 2073 somnia
1449 2033 1674 2073 sensus.

343 2094 424 2151 At
448 2091 658 2169 primas
685 2092 818 2152 laeta
844 2100 977 2151 ante
1004 2092 1158 2152 acies
1185 2092 1436 2153 exsultat
1459 2094 1673 2170 imago,
1773 2107 1778 2112 ·

347 2171 646 2247 Irritatque
671 2171 860 2237 virum
887 2170 1037 2246 telis,
1066 2179 1127 2230 et
1150 2172 1570 2231 voce-lacessit.
1655 2186 1666 2195 ⁶

346 2248 528 2307 Instat
554 2249 650 2308 cui
676 2248 929 2325 Turnus,
958 2250 1408 2326 stridentemque
1436 2250 1663 2309 eminus
1689 2250 1914 2310 hastam
1949 2290 1973 2308 .
2067 2290 2078 2295 -

344 2328 629 2406 Conjicit3
671 2326 772 2385 illa
796 2326 930 2399 dato
956 2329 1129 2387 vertit
1152 2328 1398 2403 vestigia
1422 2338 1600 2404 tergo.

260 2467 266 2473 ,
341 2401 499 2463 Tum
524 2403 663 2463 vero
692 2406 924 2464 AEnean
952 2425 1217 2464 aversum
1244 2413 1309 2463 ut
1332 2407 1541 2465 cedere
1569 2406 1802 2464 Turnus

344 2483 623 2559 Credidit,
749 2502 823 2541 ue
845 2484 1038 2541 animo
1065 2503 1231 2561 spem
1250 2484 1514 2542 turbidus
1539 2483 1734 2543 hausit
1757 2484 1991 2541 inanem
2009 2503 2028 2540 ε
2087 2513 2091 2519 -

344 2559 480 2631 Quo
506 2561 675 2636 fugis,
788 2564 943 2619 nea?
983 2561 1267 2619 thalamos
1292 2580 1371 2618 ne
1394 2563 1599 2639 ,desere
1625 2568 1858 2637 pactos:
1949 2596 1954 2603 -

343 2638 476 2696 Hac
506 2639 735 2696 dabitur
761 2638 963 2696 dextra
988 2638 1160 2696 tellus
1187 2639 1431 2712 quaesita
1454 2656 1561 2714 per
1583 2638 1788 2707 undas.

342 2715 510 2773 Talia
533 2715 854 2772 vociferans
880 2715 1154 2790 sequitur3
1182 2716 1559 2792 strictumque
1583 2723 1849 2775 coruscat

343 2793 712 2865 Muci-onem,
741 2810 851 2849 nec
874 2792 1026 2850 serre
1052 2793 1210 2851 videt
1234 2811 1341 2850 sua
1366 2793 1577 2869 gaudia
1599 2802 1822 2852 ventos.

419 2866 595 2927 Forte
624 2869 780 2943 ratis,
808 2868 949 2928 celsi
976 2868 1284 2949 conjuncta
1308 2872 1605 2948 crepidine
1632 2872 1779 2948 saxi,

340 2947 642 3025 Expositis
670 2946 855 3006 stabat
880 2948 1052 3012 scalis
1078 2958 1138 3007 et
1158 2957 1337 3026 ponte
1364 2958 1580 3026 parato,
1752 2962 1767 2975 ‘

342 3025 478 3097 Qua
504 3045 608 3083 rex
634 3025 892 3084 Clusinis
919 3027 1194 3085 advectus
1221 3026 1458 3100 Osinius
1485 3030 1618 3087 oris.

341 3104 477 3162 Huc
503 3121 633 3162 sese
659 3103 882 3180 trepida
905 3104 1119 3163 AEneae
1145 3105 1420 3181 fugientis
1444 3107 1636 3183 imago

340 3182 594 3261 Conjicit
617 3182 680 3240 in
706 3179 987 3257 latebras3
1031 3202 1141 3242 nec
1167 3184 1404 3242 Turnus
1430 3185 1661 3260 segnior
1683 3182 1876 3258 instat,

339 3260 784 3339 Exsuperatque
810 3279 1015 3339 moras,
1043 3259 1104 3325 e't
1124 3270 1332 3340 pontes
1357 3263 1602 3321 transilit
1627 3262 1787 3319 altos.
1898 3310 1902 3315 .
1983 3308 1988 3313 ,
2013 3242 2019 3247 ’

337 3337 461 3395 Vix
487 3357 709 3415 proram
739 3339 1016 3416 attigerat,
1044 3341 1257 3417 rumpit
1283 3341 1552 3411 Saturnia
1576 3339 1793 3414 sunem,

337 3415 728 3494 Avulsamque
758 3418 903 3494 rapit
927 3417 1185 3478 revoluta
1210 3438 1317 3495 per
1341 3436 1576 3495 aequora
1598 3435 1825 3476 navem.

341 3491 512 3551 Illum
541 3503 734 3553 autem
763 3497 987 3555 AEneas
1014 3497 1309 3556 absentem
1326 3497 1400 3554 in
1426 3495 1630 3573 proelia
1653 3496 1878 3589 poscit:

339 3570 528 3629 Obvia
551 3574 732 3631 multa
753 3573 942 3632 virfim
969 3575 1217 3649 demittit
1242 3593 1483 3651 corpora
1506 3580 1692 3633 morti.
1851 3588 1856 3593 ·

416 3648 574 3708 Tum
602 3650 748 3710 levis
773 3651 930 3709 haud
958 3650 1104 3709 ultra
1131 3653 1378 3711 latebras
1395 3655 1519 3745 jam
1545 3652 1750 3730 quaerit
1773 3651 1985 3730 imago,

340 3725 458 3784 Sed
484 3725 730 3786 sublime
758 3729 960 3785 volans
985 3730 1128 3786 nubi
1154 3748 1219 3787 se
1245 3731 1563 3788 immiscuit
1586 3738 1724 3789 atrae
1748 3750 1763 3788 t

338 3803 538 3875 Quum
564 3805 826 3864 Turnum
854 3805 1047 3862 medio
1071 3806 1292 3864 interea
1317 3806 1427 3864 fert
1452 3826 1684 3885 oequore
1705 3807 1899 3868 turbo.

2177 659 2310 755 ⁷025

2189 1043 2309 1141 aaa

2189 1474 2309 1528 685

2107 1919 2117 1927 ,
2181 1851 2305 1919 640

2179 3031 2338 3086 ⁶55.
