2717 4300
377 317 482 381 ΒΘ
1178 316 1547 379 AENEIDOS

374 473 565 534 Iaside
592 474 887 552 Palinure,
911 475 1110 534 ferunt
1133 474 1258 552 ipsa
1285 493 1518 552 aequora
1541 475 1785 535 classem
1804 495 1825 552 3

370 550 644 629 AEquatae
673 555 890 631 spirant
916 572 1108 626 aurae3
1152 554 1320 611 datur
1344 553 1488 611 hora
1512 554 1732 630 quieti:

370 630 535 689 Pone
564 640 757 709 caput,
785 631 1082 708 fessosque
1101 632 1305 689 oculos
1332 631 1518 690 furare
1545 631 1744 689 labori.
1832 678 1849 695 .

373 709 507 785 Ipse
536 729 645 786 ego
670 709 964 787 paulisper
987 729 1091 787 pro
1118 717 1177 768 te
1204 717 1304 767 tua
1328 728 1571 767 munera
1596 709 1772 768 inibo.

370 788 487 845 Cui
513 788 614 845 vix
641 787 907 846 attollens
933 788 1241 846 Palinurus
1268 789 1490 848 lumina
1514 788 1701 845 fatur:
1762 822 1771 827 -

369 865 554 924 Mene
582 865 716 923 salis
741 864 955 942 placidi
979 866 1208 924 vultum
1234 866 1560 944 fluctusque
1588 866 1813 943 quietos
1880 871 1887 876 ’

372 943 641 1018 Ignorare
659 944 882 1022 jubes?
924 963 1096 1001 mene
1122 944 1258 1001 huic
1287 945 1583 1018 confidere
1609 952 1863 1003 monstro
1884 946 1911 1002 ?

367 1020 602 1079 AEnean
621 1022 861 1093 ,credam
886 1022 1026 1098 quid
1055 1023 1212 1080 enim
1238 1023 1543 1081 fallacibus
1565 1023 1813 1099 Austris,

369 1099 453 1158 Et
477 1099 608 1158 coeli
636 1101 808 1159 toties
833 1101 1113 1178 deceptus
1134 1100 1337 1160 fraude
1359 1101 1550 1159 sereni
1571 1103 1599 1158 ἓ

369 1177 539 1236 Talia
565 1178 719 1237 dicta
745 1178 953 1253 dabat3
996 1178 1340 1255 clavumque
1369 1179 1572 1237 affixus
1600 1188 1660 1239 et
1685 1177 1916 1237 haerens

367 1255 673 1332 Nusquam
704 1256 1017 1331 amittebat,
1047 1258 1360 1334 oculosque
1386 1257 1499 1315 sub
1523 1265 1672 1316 astra
1697 1256 1970 1316 tenebat:

368 1332 530 1392 Ecce
557 1335 702 1393 deus
730 1354 949 1405 ramum
978 1335 1220 1397 Lethaeo
1247 1355 1374 1397 rore
1402 1337 1751 1411 madentem,

368 1413 566 1489 Vique
594 1416 923 1490 soporatum
954 1413 1173 1491 Stygia,
1203 1434 1378 1491 super
1404 1422 1645 1492 utraque
1672 1421 1905 1491 quassat

368 1490 695 1568 Tempora3
738 1492 1150 1569 cunctantique
1173 1492 1430 1550 natantia
1454 1492 1674 1551 lumina
1698 1492 1886 1552 solvit.

368 1567 491 1626 Vix
515 1570 729 1646 primos
755 1570 993 1647 inopina
1018 1570 1181 1645 quies
1208 1570 1501 1629 laxaverat
1527 1578 1681 1629 artus
1702 1589 1719 1643 3

369 1646 450 1705 Et
477 1666 650 1723 super
674 1647 1034 1723 incumbens,
1062 1666 1198 1705 cum
1222 1647 1437 1726 puppis
1463 1655 1626 1724 parte
1653 1648 1903 1724 revulsa,

368 1724 640 1802 Cumque
666 1724 1035 1801 gubernaclo,
1064 1726 1309 1803 liquidas
1334 1727 1579 1804 projecit
1603 1727 1665 1783 in
1695 1726 1875 1785 undas

365 1803 756 1881 Praecipitem,
785 1823 852 1863 ac
880 1804 1065 1862 socios
1090 1805 1482 1882 nequidquam
1509 1801 1666 1883 saepe
1692 1812 2018 1864 vocantem.

370 1881 505 1960 Ipse
530 1882 731 1941 volans
756 1891 961 1941 tenues
989 1902 1051 1941 se
1080 1884 1310 1942 sustulit
1337 1883 1456 1942 ales
1485 1884 1559 1941 ad
1586 1902 1769 1942 auras.
1792 1901 1800 1908 ·

368 1961 563 2019 Currit
587 1961 696 2018 iter
721 1969 910 2019 tutum
937 1981 1054 2019 non
1083 1958 1273 2020 secius
1302 1980 1533 2038 aequore
1560 1962 1779 2035 classis,

366 2039 786 2116 Promissisque
812 2040 989 2117 patris
1016 2040 1282 2117 Neptuni
1307 2040 1565 2098 interrita
1588 2038 1780 2099 fertur.

364 2117 610 2196 Jamque
638 2115 783 2177 adeo
812 2118 1077 2197 scopulos
1108 2118 1378 2178 Sirenum
1406 2119 1645 2179 advecta
1671 2116 1920 2193 subibat,

366 2198 650 2256 Difficiles
680 2200 988 2275 quondam,
1018 2199 1443 2275 multorumque
1468 2199 1695 2257 ossibus
1724 2197 1924 2256 albos:

255 2301 258 2312 ν
365 2276 523 2334 Tum
545 2293 724 2335 rauca
749 2276 978 2336 assiduo
1006 2274 1179 2353 longe
1208 2276 1327 2335 sale
1354 2295 1496 2335 saxa
1521 2276 1842 2350 sonabant3

295 2427 304 2434 ι
368 2355 566 2426 Quum
591 2362 755 2433 pater
780 2357 990 2415 amisso
1015 2355 1334 2414 fluitantem
1365 2375 1550 2413 errare
1576 2355 1846 2431 magistro

369 2434 582 2509 Sensit,
612 2442 671 2492 et
695 2433 821 2511 ipse
847 2444 1029 2494 ratem
1055 2434 1351 2492 nocturnis
1378 2435 1529 2493 rexit
1554 2434 1613 2491 in
1642 2434 1833 2509 undis,

366 2512 559 2571 Multa
583 2530 841 2607 gemens,
870 2531 1126 2590 casuque
1154 2513 1410 2570 animum
1439 2531 1755 2571 concussus
1782 2510 1990 2570 amici:
2016 2574 2026 2583 ,

367 2590 420 2649 Ο
450 2592 692 2648 nimium
720 2593 868 2649 coelo
896 2601 956 2651 et
978 2591 1431 2668 pelagaconfise
1459 2609 1683 2664 sereno,

364 2669 578 2729 Nudus
603 2669 664 2726 in
691 2669 908 2746 ignota,
936 2670 1230 2744 Palinure,
1252 2668 1477 2746 jacebis
1506 2669 1678 2796 aren‘a
1701 2670 1715 2725 !

1060 2973 1621 3073 AENEIDos

1017 3173 1278 3234 LIBER
1309 3173 1657 3234 SEXTUS.

369 3308 472 3367 Src
498 3309 647 3368 fatur
670 3309 1011 3386 lacrymam,
1042 3307 1328 3387 classique
1356 3306 1612 3366 immittit
1637 3304 1912 3381 habenas,

366 3387 450 3445 Et
474 3389 708 3445 tandem
735 3387 1020 3446 Euboicis
1045 3387 1359 3446 Cumarum
1390 3385 1654 3444 allabitur
1680 3383 1812 3442 oris.

368 3464 694 3524 Obvertunt
718 3466 927 3545 pelago
954 3485 1150 3543 proras
1174 3487 1187 3524 τ
1231 3475 1356 3525 tum
1386 3466 1559 3522 dente
1585 3461 1775 3522 tenaci

367 3544 641 3602 Anchora
664 3543 942 3603 fundabat
965 3565 1164 3620 naveS,
1192 3554 1255 3604 et
1277 3546 1467 3603 littora
1493 3559 1683 3599 curvae

367 3621 708 3680 Praetexuut
732 3641 957 3699 puppes
981 3642 995 3682 ε
1032 3625 1316 3702 juvenum
1344 3639 1550 3680 manus
1579 3618 1791 3677 emicat
1819 3620 2021 3678 ardens

369 3701 557 3760 Littus
583 3700 646 3758 in
673 3700 1061 3779 Hesperium;
1105 3702 1308 3779 quaerit
1332 3718 1465 3777 pars
1492 3697 1714 3756 semina
1738 3696 1986 3756 flammae

369 3779 650 3838 Abstrusa
674 3778 735 3837 in
762 3779 929 3837 venis
956 3780 1170 3851 silicis;
1212 3797 1343 3856 pars
1372 3776 1553 3834 densa
1579 3775 1824 3835 ferarum

370 3857 560 3917 Tecta
585 3858 751 3937 rapit,
780 3856 991 3929 silvas;
1032 3857 1382 3932 inventaque
1398 3851 1649 3915 'flumina
1674 3860 1964 3914 monstrat.

2138 1074 2149 1083 „
2216 1029 2333 1084 850

2216 1419 2331 1505 {³⁵⁵

2214 1809 2329 1862 860

2214 2201 2330 2256 865

2211 2590 2328 2645 870
