2717 4300
1210 294 1450 348 LIBER
1484 294 1538 349 1.
2282 302 2358 360 ω

386 441 487 516 At,
516 439 567 498 si
591 439 914 517 virgineum
943 441 1246 501 suffuderit
1269 462 1370 500 ore
1396 442 1684 520 ruborem,
2236 455 2354 511 430

385 518 618 578 Ventus
645 521 788 592 erit;
829 527 1003 578 vento
1031 539 1262 599 semper
1286 522 1455 581 rubet
1479 542 1653 580 aurea
1677 523 1902 582 Phoebe
1926 544 1941 582 t

388 597 496 656 Sin
523 607 649 657 ortu
678 598 737 655 in
764 608 963 677 quarto
998 596 1278 677 (namque
1304 602 1355 658 is
1383 602 1734 660 certissimus
1763 603 1989 682 auctor)

385 677 559 753 Pura,
587 694 780 754 uaeque
808 678 1026 736 obtusis
1052 697 1157 755 per
1170 679 1395 736 coelum
1424 679 1691 738 cornibus
1717 681 1843 756 ibit,

388 756 576 813 Totus
603 764 662 814 et
687 756 786 813 ille
815 757 959 832 dies,
988 766 1050 814 et
1075 756 1176 834 qui
1202 767 1510 816 nascentur
1536 758 1606 816 ab
1633 760 1735 817 illo

388 834 677 895 Exactum
708 835 778 892 ad
806 854 1087 911 mensem,
1116 835 1311 912 pluvia
1338 838 1644 913 ventisque
1669 837 1965 919 carebunt,
2230 843 2350 899 435

387 912 654 990 Votaque
682 914 890 971 servati
917 914 1144 972 solvent
1168 915 1229 971 in
1258 914 1447 973 littore
1474 924 1678 974 nautas

388 992 610 1049 Glauco
638 1000 698 1050 et
723 992 1012 1068 Panopeae
1039 1003 1099 1050 et
1126 992 1270 1050 Inoo
1299 994 1638 1052 Melicertae.

469 1070 566 1127 Sol
595 1089 841 1148 quoque,
871 1079 931 1130 et
956 1072 1241 1146 exoriens,
1270 1079 1331 1129 et
1356 1091 1532 1149 quum
1561 1093 1626 1133 se
1652 1074 1863 1132 condet
1888 1073 1950 1132 in
1975 1075 2181 1151 undas,

389 1149 566 1224 Signa
593 1150 786 1208 dabit:
830 1150 1012 1207 solem
1040 1150 1358 1208 certissima
1386 1152 1552 1226 signa
1576 1163 1910 1228 sequuntur,

386 1228 466 1286 Et
495 1247 621 1304 quae
649 1225 815 1286 mane
846 1230 1036 1303 refert,
1067 1237 1126 1286 et
1153 1248 1282 1305 quae
1309 1230 1674 1304 surgentibus
1703 1231 1885 1289 astris.
2230 1235 2348 1289 440

466 1307 572 1365 Ille
600 1307 698 1366 ubi
728 1315 1062 1365 nascentem
1092 1307 1332 1363 maculis
1359 1307 1664 1365 variaverit
1690 1317 1876 1366 ortum

385 1385 667 1444 Conditus
694 1386 752 1443 in
781 1386 1015 1459 nubem,
1046 1386 1354 1462 medioque
1383 1385 1654 1461 refugerit
1679 1387 1837 1462 orbe,

386 1465 652 1542 Suspecti
679 1465 783 1522 tibi
812 1466 926 1522 sint
952 1464 1165 1522 imbres
1191 1483 1205 1520 ε
1248 1483 1499 1541 namque
1527 1473 1692 1541 urget
1720 1466 1791 1523 ab
1820 1465 1934 1523 alto

381 1544 814 1620 Arboribusque
843 1544 1093 1620 satisque
1119 1543 1313 1601 Notus
1341 1544 1652 1622 pecorique
1680 1544 1925 1603 sinister.

381 1625 504 1681 Aut
529 1623 630 1681 ubi
657 1623 763 1681 sub
790 1623 977 1680 lucem
1008 1623 1188 1679 densa
1212 1623 1361 1680 inter
1388 1622 1587 1680 nubila
1612 1642 1740 1680 sese
2230 1629 2361 1683 445·

381 1702 616 1759 Diversi
639 1710 908 1778 rumpent
935 1702 1097 1775 radii,
1126 1709 1225 1759 aut
1251 1701 1349 1758 ubi
1377 1701 1592 1778 pallida
1617 1709 1812 1777 surget

381 1780 622 1839 Tithoni
651 1800 916 1838 croceum
944 1780 1209 1863 linquens
1236 1783 1459 1838 Aurora
1486 1780 1714 1854 cubile;
1889 1775 1898 1783 ’

381 1858 518 1916 Heu
545 1863 558 1916 !
603 1857 751 1916 male
782 1868 901 1916 tum
932 1859 1097 1916 mites
1125 1857 1400 1922 defendet
1426 1857 1728 1936 pampinus
1758 1877 1917 1933 uvas,

381 1938 530 1995 Tam
559 1937 738 1995 multa
763 1937 823 1994 in
853 1937 1020 1996 tectis
1046 1937 1332 2014 crepitans
1359 1938 1491 1997 salit
1518 1937 1749 1995 horrida
1775 1938 2009 2013 grando.

461 2018 593 2075 Hoc
621 2017 813 2090 etiam,
844 2034 1080 2073 emenso
1109 2034 1284 2092 quum
1305 2018 1431 2096 jam
1460 2016 1706 2074 decedet
1732 2015 2003 2093 Olympo,
2229 2020 2366 2075 450.

380 2093 667 2154 Profuerit
695 2096 1024 2154 meminisse
1052 2092 1236 2171 magis
1259 2115 1276 2169 ;
1318 2114 1452 2154 nam
1480 2091 1634 2173 saepe
1664 2095 1927 2154 videmus

382 2174 572 2250 Ipsius
598 2173 657 2231 in
684 2174 843 2233 vultu
872 2175 1063 2232 varios
1089 2192 1277 2231 errare
1303 2174 1527 2231 colores
1550 2193 1565 2230 t

380 2253 676 2310 caeruleus
706 2253 957 2329 pluviam
986 2251 1304 2325 denuntiat,
1331 2252 1539 2327 igneus
1567 2269 1752 2308 euros.

383 2332 488 2388 Sin
518 2332 755 2389 maculis
781 2331 1062 2407 incipient
1087 2330 1256 2387 rutilo
1284 2329 1664 2387 immiscerier
1689 2328 1828 2404 igni,

382 2410 596 2468 Omnia
621 2419 757 2468 tunc
783 2409 995 2486 pariter
1018 2416 1195 2466 vento
1224 2407 1551 2484 nimbisque
1578 2406 1805 2464 videbis
2225 2410 2345 2466 455

378 2487 665 2545 Fervere:
710 2506 825 2544 non
853 2487 953 2544 illa
981 2487 1280 2562 quisquam
1307 2505 1402 2543 me
1430 2493 1600 2543 nocte
1627 2504 1731 2561 per
1757 2483 1936 2542 altum

346 2607 351 2611 -
382 2565 494 2640 Ire,
524 2584 712 2642 neque
741 2585 776 2623 a
798 2567 949 2623 terri
977 2572 1207 2622 moneat
1233 2564 1559 2621 convellere
1586 2563 1802 2621 funem.

377 2646 460 2702 At
486 2644 554 2718 si,
583 2663 760 2720 quum
789 2643 1107 2719 referetque
1135 2643 1308 2717 diem,
1337 2643 1661 2718 condetque
1690 2640 1952 2717 relatum,

379 2723 635 2780 Lucidus
663 2722 814 2780 orbis
842 2722 986 2793 erit;
1029 2721 1235 2779 frustra
1260 2720 1548 2779 terrebere
1576 2719 1808 2795 nimbis,

380 2801 464 2858 Et
491 2800 643 2858 claro
671 2801 844 2859 silvas
870 2818 1074 2858 cernes
1102 2799 1371 2876 aquilone
1398 2799 1634 2857 moveri.
1893 2865 1898 2868 .
2227 2801 2345 2856 460

380 2879 671 2956 Denique,
699 2879 839 2957 quid
866 2878 1095 2955 Vesper
1120 2893 1279 2936 serus
1305 2878 1499 2952 vehat,
1528 2875 1685 2938 unde
1713 2894 1947 2934 serenas

380 2957 612 3016 Ventus
640 2966 769 3034 agat
795 2957 997 3031 nubes,
1027 2958 1168 3033 quid
1193 2957 1409 3032 cogitet
1435 2955 1709 3013 humidus
1736 2957 1967 3029 Auster,

383 3037 484 3094 Sol
512 3037 617 3094 tibi
646 3037 809 3111 signa
835 3035 1010 3094 dabit.
1097 3034 1297 3093 Solem
1326 3035 1455 3110 quis
1482 3036 1674 3092 dicere
1702 3032 1910 3093 falsum

382 3116 660 3174 Audeat?
703 3115 802 3173 ille
831 3115 1005 3172 etiam
1033 3132 1220 3172 caecos
1248 3113 1462 3171 instare
1490 3113 1767 3171 tumultus

384 3185 550 3270 Saepe
582 3202 794 3269 monet,
822 3193 1200 3269 fraudemque
1230 3199 1289 3249 et
1315 3199 1513 3268 operta
1541 3200 1859 3250 tumescere
1885 3186 2057 3245 bella.
2228 3188 2345 3244 405

463 3272 568 3331 lue
596 3273 770 3331 etiam
799 3273 1086 3330 exstincto
1117 3270 1416 3329 miseratus
1441 3270 1678 3332 Caesare
1706 3269 1979 3338 Romam,

382 3351 580 3422 Quum
607 3359 781 3428 caput
807 3350 1050 3409 obscura
1079 3349 1324 3408 nitidum
1351 3349 1642 3423 ferrugine
1668 3345 1834 3417 texit,

380 3430 683 3507 Impiaque
714 3438 984 3487 aeternam
1011 3428 1327 3487 timuerunt
1354 3426 1565 3484 saecula
1591 3432 1823 3482 noctem
1847 3440 1861 3478 t

380 3509 671 3585 Tempore
699 3526 1024 3585 quanquam
1051 3507 1153 3564 illo
1182 3505 1354 3565 tellus
1383 3521 1614 3581 quoque
1642 3509 1700 3561 et
1727 3519 1960 3579 aequora
1983 3500 2168 3578 ponti,
2233 3507 2252 3532 '¹

382 3587 774 3664 Obscoenique
803 3605 997 3660 canes,
1025 3586 1489 3663 importunaeque
1516 3580 1798 3656 volucres,
2224 3581 2345 3635 4⁷0

383 3667 561 3742 Signa
587 3665 815 3724 dabant.
900 3665 1147 3737 Quoties
1174 3663 1499 3740 Cyclopum
1529 3660 1806 3719 effervere
1835 3658 1896 3715 in
1925 3675 2090 3733 agros

379 3745 654 3803 Vidimus
683 3745 996 3802 undantem
1023 3741 1205 3820 ruptis
1233 3740 1560 3800 fornacibus
1587 3741 1849 3810 AEtnam‚

378 3823 892 3900 Flammarumque
919 3821 1141 3898 globos,
1168 3819 1588 3898 liquefactaque
1615 3817 1848 3876 volvere
1876 3813 2051 3870 saxa!
