2717 4300
0 2810 33 2837 ,ἱ

323 350 365 406 6
1021 350 1583 407 BUCOLICORUM

324 495 584 574 Nfiram3
627 497 710 558 sic
735 499 926 576 parvis
954 517 1302 577 componere
1328 520 1538 576 magna
1562 500 1837 560 solebam.

325 574 552 636 Verum
579 578 707 635 haec
734 573 956 635 tantum
985 577 1125 637 alias
1151 579 1305 637 inter
1328 587 1503 656 caput
1528 579 1734 638 extulit
1758 579 1949 659 urbes,

328 653 629 728 Quantum
656 656 813 713 lenta
838 656 1027 714 solent
1052 656 1202 715 inter
1227 656 1472 716 viburna
1496 658 1769 735 cupressi.

1128 797 1474 837 munaus.

325 856 408 914 Et
433 875 560 932 quae
587 863 746 914 tanta
770 855 879 914 fuit
902 856 1155 915 Romam
1180 858 1287 915 tibi
1313 877 1489 915 causa
1513 858 1793 927 videndi?

1160 997 1441 1037 rra-ntus·

322 1054 619 1115 Libertas:
663 1076 810 1134 quae,
839 1076 983 1132 sera,
1013 1066 1206 1116 tamen
1234 1059 1491 1136 respexit
1514 1058 1777 1136 inertem,

216 1154 227 1163 ·
323 1135 638 1195 Candidior
662 1145 965 1212 postquam
988 1137 1250 1195 tondenti
1279 1137 1455 1195 barba
1480 1136 1757 1196 cadebat:

321 1213 610 1290 Respexit
636 1222 848 1289 tamen,
879 1224 938 1273 et
963 1215 1135 1290 longo
1162 1213 1293 1293 post
1320 1224 1578 1293 tempore
1605 1216 1786 1292 venit,

314 1278 634 1368 'Postquam
661 1312 768 1350 nos
795 1294 1106 1369 Amaryllis
1133 1293 1327 1370 habet,
1357 1294 1601 1352 Galatea
1626 1293 1873 1371 reliquit.

290 1370 612 1446 ·Namque,
641 1370 861 1428 fatebor
887 1372 1063 1447 enim,
1092 1372 1228 1430 dum
1259 1392 1354 1433 me
1384 1372 1626 1430 Galatea
1651 1372 1904 1449 tenebat,

322 1448 453 1506 Nec
481 1468 613 1526 spes
641 1449 917 1508 libertatis
945 1460 1085 1525 erat,
1115 1470 1224 1508 nec
1251 1470 1390 1508 cura
1414 1448 1644 1527 peculi:

324 1526 607 1596 Quamvis
635 1529 815 1587 multa
841 1530 985 1585 meis
1015 1529 1202 1587 exiret
1226 1529 1462 1587 victima
1488 1528 1685 1605 septis,

320 1604 565 1681 Pinguis
594 1615 653 1664 et
679 1606 912 1682 ingratae
939 1616 1292 1682 premeretur
1319 1625 1521 1664 caseus
1549 1606 1696 1682 urbi,

320 1684 460 1742 Non
489 1704 738 1761 unquam
767 1686 954 1760 gravis
982 1705 1096 1743 aere
1125 1686 1360 1743 domum
1391 1685 1533 1743 mihi
1562 1685 1764 1744 dextra
1789 1685 2028 1745 redibat.

1119 1821 1466 1861 nummus.

321 1880 594 1955 Mirabar,
625 1882 759 1957 quid
791 1886 995 1940 moesta
1020 1882 1182 1957 deos,
1213 1883 1513 1958 Amarylli,
1542 1900 1813 1955 vocares;

318 1948 433 2017 Cui
458 1959 713 2036 pendere
742 1961 846 2018 sua
874 1961 1151 2038 patereris
1179 1963 1238 2018 in
1268 1961 1469 2018 arbore
1495 1979 1702 2038 poma:

318 2038 556 2114 Tityrus
584 2038 720 2095 hinc
749 2037 960 2113 aberat.
1048 2039 1196 2116 Ipsae
1224 2048 1303 2113 te,
1330 2039 1552 2115 Tityre,
1580 2040 1772 2117 pinus,

319 2115 440 2194 Ipsi
466 2125 522 2175 te
550 2117 757 2191 sontes,
786 2117 911 2195 ipsa
937 2118 1062 2176 haec
1092 2116 1668 2202 arbustaquvocabant.

1156 2254 1437 2295 ‘ri-rmus·

318 2312 477 2385 Quid
504 2313 794 2372 facerem?
838 2333 1027 2392 neque
1055 2316 1289 2373 servitio
1315 2335 1410 2373 me
1439 2316 1599 2373 exire
1626 2315 1855 2392 licebat,

316 2392 448 2452 Nec
474 2401 591 2450 tam
619 2402 931 2470 praesentes
960 2394 1097 2451 alibi
1124 2412 1472 2468 cognoscere
1500 2394 1681 2451 divos.

316 2469 436 2529 Hic
463 2471 627 2529 illum
653 2471 775 2529 vidi
794 2474 1098 2549 juvenem,
1128 2471 1429 2545 Meliboee,
1459 2470 1765 2547 quotannis

314 2550 420 2607 Bis
448 2569 619 2607 senos
647 2549 741 2606 cui
769 2559 962 2607 nostra
988 2550 1113 2606 dies
1141 2549 1339 2608 altaria
1364 2549 1604 2609 sumant.

315 2626 433 2686 Hic
462 2626 607 2684 mihi
634 2646 971 2703 responsum
998 2629 1217 2705 primus
1248 2626 1411 2686 dedit
1435 2628 1532 2685 ille
1559 2621 1815 2704 petenti:

315 2705 566 2781 Pascite,
595 2713 660 2762 ut
687 2703 842 2781 ante,
870 2706 1070 2781 boveS,
1099 2706 1298 2784 pueri;
1343 2705 1660 2764 submittite
1688 2715 1896 2764 tauros.

1122 2841 1464 2881 Menatem.

314 2902 630 2961 Fortunate
659 2905 875 2961 senex!
920 2922 1055 2978 ergo
1082 2913 1181 2963 tua
1206 2923 1335 2961 rura
1363 2902 1708 2962 manebunt!

315 2978 401 3040 Εἴ
424 2981 530 3039 tibi
557 3001 764 3057 magna
792 2980 948 3056 satis,
978 2983 1237 3058 quamvis
1264 2982 1410 3059 lapis
1437 2983 1631 3040 omnia
1655 2982 1848 3041 nudus

315 3060 664 3136 Limosoque
691 3061 856 3138 palus
880 3061 1131 3119 obducat
1154 3080 1371 3138 pascua
1388 3063 1602 3139 junco:

315 3138 456 3198 Non
484 3140 710 3197 insueta
736 3159 937 3214 graves
965 3140 1267 3199 tentabunt
1288 3140 1503 3217 pabula
1527 3138 1711 3216 foetas,

316 3216 450 3277 Nec
475 3218 629 3277 mala
652 3218 829 3276 vicini
856 3220 1081 3295 pecoris
1107 3219 1374 3295 contagia
1398 3219 1629 3278 laedent.

318 3295 632 3355 Fortunate
661 3300 876 3355 senex!
919 3296 1036 3372 hic,
1066 3299 1216 3356 inter
1239 3298 1481 3356 fiumina
1507 3305 1646 3356 nota

318 3375 404 3435 Et
427 3373 614 3433 sontes
641 3394 850 3451 sacros,
879 3376 1055 3456 frigus
1081 3377 1337 3469 captabis
1372 3395 1634 3470 opacum.

319 3452 478 3518 Hinc
504 3453 629 3529 tibi,
657 3473 787 3529 quae
814 3471 1041 3533 semper
1065 3457 1257 3514 vicino
1285 3455 1357 3513 ab
1385 3455 1568 3513 limite
1595 3471 1763 3532 sepes

320 3529 584 3608 Hyblaeis
612 3532 816 3610 apibus
842 3533 1042 3592 florem
1071 3535 1308 3612 depasta
1333 3533 1538 3608 salicti,

323 3606 491 3688 Saepe
520 3610 638 3669 levi
665 3630 927 3669 somnum
956 3613 1221 3671 suadebit
1245 3614 1390 3671 inire
1419 3629 1681 3685 susurr03

320 3689 480 3747 Hinc
509 3689 623 3747 alta
652 3691 757 3747 sub
786 3709 927 3768 rupe
954 3700 1123 3748 canet
1150 3690 1437 3749 frondator
1463 3690 1534 3748 ad
1562 3708 1759 3747 auras:

319 3768 452 3828 Nec
479 3777 672 3827 tamen
700 3769 919 3826 interea
948 3789 1151 3841 raucae,
1182 3777 1280 3826 tua
1305 3784 1461 3841 cura,
1488 3766 1809 3845 palumbes,

256 3877 260 3881 ·
319 3846 452 3907 Nec
481 3864 711 3923 gemere
741 3847 895 3904 aeria
923 3845 1171 3905 cessabit
1196 3854 1379 3904 turtur
1405 3846 1477 3904 ab
1503 3845 1680 3905 ulmo.

2095 584 2283 677 '25

2198 2124 2277 2179 40

2195 2634 2272 2688 45
