2717 4300
1163 332 1395 388 LIBER
1431 334 1531 390 lx.
2226 338 2338 394 m

370 477 705 557 Purpureus
733 480 911 539 veluti
939 502 1113 558 quum
1141 482 1246 540 flos
1276 484 1535 541 succisus
1564 492 1753 542 aratro‘
2218 492 2335 547 435

371 558 723 635 Languescit
749 561 1035 636 moriens3
1077 561 1300 619 lassove
1327 581 1613 639 papavera
1637 563 1787 620 collo

372 636 893 715 Demiserecaput,
923 638 1120 714 pluvia
1147 660 1321 716 quum
1351 637 1494 698 forte
1524 649 1845 715 gravantur.

372 718 452 772 At
476 716 658 773 Nisus
686 717 798 774 ruit
823 718 882 773 in
914 718 1152 793 medios,
1181 718 1481 795 solumque
1508 738 1611 795 per
1637 738 1840 778 omnes

373 792 750 852 Volscentem
777 796 938 872 petit,
968 796 1027 851 in
1057 797 1179 853 solo
1207 796 1524 854 Volscente
1550 805 1816 858 moratur.

377 872 569 942 Quem
590 873 807 930 circum
829 873 1124 949 glomerati
1145 874 1339 932 hostes
1359 874 1497 931 hinc
1519 875 1842 934 comminus
1865 884 2035 955 atque
2053 878 2191 938 hinc
2217 884 2335 937 440

375 950 718 1009 Proturbant
741 971 753 1007 ε
797 952 971 1009 instat
994 972 1109 1009 non
1140 949 1349 1028 seciuS,
1381 971 1446 1009 ac
1473 961 1620 1032 rotat
1646 971 1845 1012 ensem

375 1029 746 1087 Fulmineum
769 1049 786 1100 ;
829 1030 1014 1086 donec
1039 1030 1247 1088 Rutuli
1273 1030 1573 1088 clamantis
1600 1031 1660 1087 in
1688 1051 1787 1089 ore

376 1107 650 1166 Condidit
677 1108 934 1183 adverso,
963 1117 1022 1165 et
1049 1110 1297 1166 moriens
1325 1109 1572 1166 animam
1602 1107 1836 1169 abstulit
1859 1112 2031 1171 hosti.
2073 1163 2084 1168 -

377 1186 530 1242 Tum
559 1205 730 1263 super
755 1187 1087 1244 exanimum
1115 1206 1241 1245 sese
1267 1187 1511 1265 projecit
1538 1188 1787 1245 amicum

377 1263 709 1340 ConfossuS,
738 1264 1078 1342 placidaque
1106 1266 1450 1323 ibi-demum
1479 1273 1659 1324 morte
1686 1266 1921 1344 quievit.
2218 1277 2335 1330 445

456 1343 755 1401 Fortunati
783 1344 971 1419 ambo,
1001 1344 1050 1400 si
1078 1344 1217 1420 quid
1245 1363 1378 1401 mea
1404 1344 1943 1425 carminapossunt,

288 1439 289 1444 ¹
376 1420 556 1492 Nulla
583 1422 704 1479 dies
733 1441 984 1498 unquam
1012 1423 1257 1480 memori
1284 1441 1388 1479 vos
1415 1422 1633 1481 eximet
1660 1442 1805 1499 aevo,

376 1497 766 1558 Dum‘domus
793 1499 1003 1566 AEneae
1035 1499 1284 1578 Capitoli
1312 1500 1608 1558 immobile
1636 1520 1840 1560 saxum

378 1577 636 1653 Accolet,
665 1578 1086 1655 imperiumque
1112 1588 1273 1657 pater
1298 1581 1599 1637 Romanus
1625 1580 1880 1641 habebit.

454 1654 721 1713 Victores
747 1658 941 1734 praeda
968 1658 1176 1717 Rutuli
1203 1658 1517 1735 spoliisque
1545 1659 1711 1735 potiti
2218 1668 2335 1723 450

376 1734 752 1793 Volscentem
779 1737 1110 1794 exanimum
1136 1737 1340 1795 flentes
1369 1736 1428 1793 in
1458 1746 1642 1795 castra
1667 1737 1946 1798 ferebant.

376 1813 438 1870 N
439 1832 506 1870 ec
536 1814 721 1871 minor
747 1815 806 1871 in
835 1815 1033 1873 castris
1061 1815 1265 1889 luctus,
1293 1816 1626 1874 Rhamnete
1654 1824 1879 1893 reperto
1930 1858 1937 1864 -

378 1891 696 1968 Exsangui,
726 1900 785 1950 et
809 1891 1006 1969 primis
1033 1894 1148 1951 una
1176 1902 1258 1952 tot
1284 1894 1445 1950 caede
1472 1896 1807 1972 peremptiS,

379 1970 754 2048 Sarranoque,
782 1971 1133 2050 Numaque3
1177 1972 1382 2049 ingens
1409 1991 1723 2032 concursus
1753 1975 1823 2033 ad
1852 1974 1979 2051 ipsa

378 2049 648 2125 Corpora,
679 2050 1112 2127 seminecesque
1139 2051 1311 2126 viros,
1340 2050 1649 2128 tepidaque
1676 2049 1967 2114 recentem
2216 2059 2334 2113 455

377 2128 554 2186 Caede
582 2128 792 2203 locum,
823 2136 882 2187 et
905 2128 1078 2207 pleno
1106 2139 1438 2206 spumantes
1466 2131 1743 2206 sanguine
1771 2132 1941 2190 rivos.

375 2209 713 2282 Agnoscunt
739 2208 924 2284 spolia
949 2208 1099 2267 inter
1123 2227 1206 2283 se,
1235 2208 1571 2285 galeamque
1599 2209 1880 2268 nitentem

375 2286 654 2364 Messapi,
683 2295 742 2345 et
766 2285 945 2344 multo
971 2286 1237 2364 phaleras
1263 2287 1470 2344 sudore
1497 2296 1772 2363 receptas,

454 2365 535 2422 Et
552 2368 674 2444 jam
701 2365 887 2442 prima
912 2385 1062 2424 novo
1091 2366 1393 2443 spargebat
1419 2365 1637 2423 lumine
1664 2375 1841 2424 terras

376 2442 616 2501 Tithoni
643 2463 908 2502 croceum
936 2444 1203 2521 linquens
1232 2447 1456 2502 Aurora
1480 2444 1708 2516 cubile;
2218 2452 2336 2506 460

298 2522 301 2527 ’
374 2520 503 2579 Jam
530 2523 651 2580 sole
679 2522 888 2599 infuso,
909 2525 1033 2601 jam
1062 2523 1232 2581 rebus
1260 2523 1393 2582 luce
1421 2523 1679 2596 retectiS,
2089 2539 2091 2541 '

376 2599 611 2659 Turnus
636 2601 696 2658 in
726 2621 882 2673 arma
906 2602 1078 2677 viros,
1108 2602 1278 2660 armis
1306 2601 1690 2661 circumdatus
1719 2600 1864 2679 ipse,

381 2678 645 2752 Suscitat,
677 2688 986 2757 aeratasque
1016 2681 1167 2739 acies
1192 2681 1254 2739 in
1282 2680 1485 2759 proelia
1510 2680 1699 2755 cogit:

381 2756 641 2834 Quisque
670 2778 840 2831 suos;
882 2760 1170 2836 variisque
1199 2768 1412 2818 acuunt
1438 2760 1760 2818 rumoribus
1786 2759 1916 2818 iras.

383 2834 540 2904 Quin
568 2836 692 2914 ipsa
718 2838 966 2911 arrectis,
988 2838 1118 2895 visu
1147 2838 1491 2912 miserabile,
1519 2838 1581 2895 in
1610 2838 1788 2897 hastis
2219 2843 2335 2897 465

380 2913 696 2990 Praefigunt
722 2916 926 3008 capita,
955 2924 1014 2973 et
1041 2917 1223 2974 multo
1250 2917 1499 2979 clamore
1528 2925 1864 2993 sequuntur,

383 2991 619 3068 Euryali
646 3001 704 3051 et
731 2992 882 3051 lei.

382 3070 662 3128 AEneadae
689 3071 814 3128 duri
842 3090 1128 3128 murorum
1153 3071 1213 3128 in
1241 3080 1402 3147 parte
1430 3072 1656 3130 sinistra

384 3147 721 3226 opposuere
749 3150 951 3223 aciem,
980 3167 1113 3206 nam
1138 3149 1377 3208 dextera
1401 3151 1648 3226 cingitur
1674 3150 1848 3226 amni,

386 3227 771 3304 Ingentesque
796 3235 998 3286 tenent
1023 3227 1219 3301 fossaS,
1249 3235 1307 3285 et
1331 3228 1582 3287 turribus
1610 3229 1737 3286 altis
2217 3231 2336 3288 470

388 3305 552 3363 Stant
576 3307 764 3364 moesti
787 3327 801 3365 τ
844 3306 1013 3364 simul
1041 3325 1138 3362 ora
1164 3305 1349 3363 virum
1376 3307 1616 3384 praefixa.
1641 3305 1969 3382 movebant,

384 3383 541 3441 Nota
566 3385 737 3442 nimis
765 3384 1004 3459 miseris,
1035 3392 1267 3459 atroque
1292 3385 1530 3444 fluentia
1556 3382 1707 3442 tabo.

387 3462 615 3520 Interea
637 3463 902 3539 pavidam
929 3463 1173 3520 volitans
1200 3474 1447 3538 pennata
1472 3481 1576 3538 per
1601 3461 1803 3519 urbem

386 3539 610 3598 Nuntia
634 3541 786 3598 fama
810 3541 942 3615 ruit,
970 3540 1277 3617 matrisque
1306 3539 1587 3598 adlabitur
1612 3557 1776 3597 aures

385 3618 625 3694 Euryali
648 3639 661 3676 t
706 3626 763 3676 at
789 3617 1010 3676 subitus
1037 3619 1260 3676 miserae
1289 3618 1443 3676 calor
1469 3636 1599 3675 ossa
1623 3616 1887 3694 reliquit3
1945 3651 1952 3657 ·
2221 3621 2338 3677 475

387 3695 639 3755 Excussi
666 3696 929 3757 manibus
955 3696 1116 3769 radii,
1145 3696 1514 3771 revolutaque
1540 3714 1759 3772 pensa:
1841 3738 1854 3745 -

384 3773 601 3832 Evolat
624 3773 846 3848 infelix,
875 3781 934 3831 et
959 3772 1228 3832 soemineo
1254 3773 1495 3847 ululatu,
1596 3811 1600 3819 ·
1817 3837 1838 3845 ‚

390 3851 587 3911 Scissa
609 3870 851 3926 comam,
881 3870 1075 3908 muros
1104 3871 1302 3909 amens
1331 3860 1499 3929 atque
1529 3852 1757 3926 agmina
1782 3870 1952 3910 cursu
