2717 4300
1250 271 1482 331 LIBER.
1520 274 1565 330 1.
2308 278 2393 335 Π

415 421 624 482 Omnis
650 421 713 480 in
740 423 995 481 Ascanio
1023 422 1139 480 cari
1168 430 1277 493 stat
1301 424 1735 500 curaparentiS.

420 500 670 558 Munera
693 511 993 578 praeterea,
1025 501 1216 561 Iliacis
1244 512 1443 579 erepta
1468 501 1666 576 ruinis,

418 577 597 636 Ferre
616 578 824 658 jubet3
866 580 1080 656 pallam
1107 580 1286 655 signis
1315 597 1565 656 auroque
1593 580 1896 655 rigentem,

422 655 503 713 Et
528 657 970 715 circumtextum
998 677 1203 715 croceo
1231 659 1498 723 velamen
1527 658 1795 732 acantho,
2018 695 2023 699 -

419 734 673 792 Ornatus
701 735 933 811 Argivae
963 735 1234 809 Helenae,
1264 755 1408 812 quos
1429 736 1528 792 illa
1553 734 1847 811 Mycenis,
2262 741 2383 796 650

420 812 705 888 Pergama
730 833 906 889 quum
935 821 1157 889 peteret
1182 814 1667 889 inconcessosque
1695 812 2076 891 Hymenaeos,

422 890 757 966 Extulerat,
777 892 971 949 matris
1000 892 1176 949 Ledae
1206 892 1468 949 mirabile
1496 892 1713 949 donum
1737 911 1750 949 :

420 967 710 1026 Praeterea
736 970 1044 1045 sceptrum,
1075 970 1261 1027 Ilione
1290 971 1444 1046 quod
1472 968 1911 1046 gesserat-olim,

417 1047 685 1104 ‘Maxima
711 1055 970 1105 natarum
999 1048 1235 1122 Priami,
1264 1048 1530 1124 colloque
1559 1047 1774 1106 monile

425 1125 762 1200 Baccatum,
792 1134 851 1183 et
879 1125 1169 1202 duplicem
1199 1127 1444 1200 gemmis
1473 1145 1725 1202 auroque
1752 1145 2041 1187 coronam.
2264 1132 2382 1188 655

424 1202 573 1260 Haec
602 1203 879 1280 celerans,
909 1204 1024 1261 iter„
1045 1204 1116 1261 ad
1143 1223 1321 1262 naves
1348 1204 1624 1262 tendebat
1649 1204 1920 1262 Achates.

501 1284 581 1339 At
607 1282 900 1358 Cytherea
924 1301 1104 1340 novas
1132 1291 1300 1355 atteri,
1328 1301 1482 1339 nova
1506 1289 1738 1359 pectore
1765 1290 1953 1343 versat

402 1358 717 1433 ‚Consilia3
760 1369 827 1418 ut
851 1360 1060 1417 faciem
1088 1368 1339 1418 mutatus
1369 1368 1427 1418 et
1454 1379 1553 1419 ora
1578 1358 1810 1436 Cupido

424 1437 537 1495 Pro
566 1438 719 1496 dulci
747 1438 1001 1497 Ascanio
1027 1438 1245 1513 veniat,
1270 1432 1552 1514 donisque
1577 1436 1861 1501 furentem
2380 1484 2383 1491 ·

426 1516 707 1575 Incendat
734 1517 1008 1592 reginam,
1039 1525 1212 1593 atque
1240 1515 1754 1593 ossibusimplicet
1779 1516 2017 1593 ignem„
2265 1520 2381 1576 660

424 1593 664 1670 Quippe
691 1596 928 1653 domum
957 1595 1121 1654 timet
1147 1595 1495 1670 ambiguam,
1526 1593 1848 1672 Tyriosque
1875 1595 2182 1673 bilingues.

424 1671 557 1732 Urit
584 1681 745 1730 atrox
768 1673 942 1748 Juno,
971 1681 1031 1731 et
1056 1674 1165 1731 sub
1193 1684 1422 1743 noctem
1451 1693 1589 1731 cura
1614 1681 1884 1733 recursat.

427 1750 586 1825 Ergo
615 1751 706 1809 his
735 1751 1010 1828 aligerum
1038 1753 1206 1813 dictis
1235 1751 1443 1813 affatur
1466 1754 1778 1811 Amorem:
1858 1819 1865 1829 ι

423 1828 599 1903 Nate,
629 1848 776 1887 meae
803 1831 974 1905 vireS,
1003 1849 1135 1888 mea
1159 1850 1369 1906 magna
1395 1831 1669 1906 potentia,
1698 1831 1874 1908 solus,

424 1906 599 1982 Nate,
628 1908 802 1985 patris
830 1909 1040 1966 summi
1068 1909 1165 1985 qui
1191 1909 1308 1967 tela
1336 1909 1610 1985 Typhoia
1635 1909 1864 1985 temnis,
2263 1913 2383 1968 665

424 1984 518 2042 Ad
546 1993 602 2043 te
630 1985 918 2062 confugi0‚
945 1994 1007 2044 et
1032 1987 1278 2065 supplex
1304 1995 1406 2045 tua
1431 1988 1669 2045 numina
1692 2007 1890 2064 posco.

423 2063 626 2121 Frater
651 2072 715 2123 ut
740 2064 962 2123 AEneas
986 2066 1193 2142 pelago
1219 2074 1353 2123 tuus
1382 2065 1579 2139 omnia
1602 2067 1820 2125 circum
1984 2066 1991 2069 ‘

425 2140 644 2201 Littora
668 2145 906 2202 'actetur
932 2144 1079 2202 odiis
1104 2143 1351 2202 Junonia
1377 2142 1611 2239 iniquae,
1678 2217 1681 2218 7

426 2220 584 2279 Nota
608 2222 654 2279 ti
691 2221 745 2295 i3
790 2230 848 2280 et
873 2230 1068 2280 nostro
1096 2222 1328 2280 doluisti
1354 2240 1511 2298 saepe
1541 2222 1753 2280 dolore.

429 2298 605 2357 Hunc
631 2301 937 2359 Phoenissa
962 2308 1121 2359 tenet
1149 2300 1325 2373 Dido,
1353 2298 1697 2375 blandisque
1725 2308 1977 2360 moratur
2260 2303 2383 2360 ow

424 2376 719 2437 Vocibus:
761 2377 820 2438 et
844 2398 1049 2438 vereor
1074 2375 1190 2456 quo
1219 2398 1283 2437 se
1307 2378 1344 2436 J
1347 2380 1562 2436 unonia
1587 2387 1812 2438 vertant

426 2455 728 2534 Hospitia:
771 2458 926 2518 haud
954 2466 1112 2516 tanto
1140 2457 1389 2515 cessabit
1415 2458 1885 2537 cardine-rerum.

425 2534 718 2605 Quocirca
745 2555 951 2612 capere
974 2534 1110 2595 ante
1142 2535 1307 2611 dolis,
1337 2545 1400 2595 et
1425 2535 1657 2611 cingere
1683 2535 1916 2595 flamma

424 2612 712 2689 Reginam
734 2615 1016 2687 meditor;
1057 2634 1133 2673 ne
1161 2635 1276 2692 quo
1305 2634 1369 2673 se
1398 2615 1641 2673 numine
1669 2623 1870 2691 mutet,

428 2693 546 2750 Sed
574 2693 1019 2768 magnoiAEneae
1046 2702 1573 2756 mecumfteneatur
1600 2713 1810 2752 amore.
1916 2719 1921 2724 ·
2260 2695 2381 2751 675

426 2770 562 2841 Qua
588 2771 775 2829 facere
802 2772 862 2829 id
889 2772 1095 2849 possis,
1125 2780 1378 2832 nostram
1406 2791 1560 2830 nunc
1591 2773 1789 2851 accipe
1815 2781 2091 2834 mentem.

424 2849 668 2925 Regius,
700 2850 884 2909 accitu
907 2851 1022 2908 cari
1051 2851 1343 2926 genitoris»,
1374 2852 1446 2909 ad
1472 2851 1674 2909 urbem

427 2928 719 2985 Sidoniam
749 2948 895 3006 puer
922 2930 1005 2987 ire
1032 2938 1211 3005 parat,
1242 2949 1381 2987 mea.
1398 2930 1652 2990 maxima
1676 2948 1831 3003 cura,

425 3006 599 3064 Dona
623 3006 831 3080 fereris„
859 3007 1066 3084 pelago
1094 3016 1153 3065 et
1177 3008 1428 3065 flammis
1457 3007 1729 3067 restantia
1754 3007 1985 3085 TroJae:

426 3083 604 3144 Hunc
630 3104 739 3161 ego
766 3086 1015 3162 sopitum
1045 3105 1267 3160 somno,
1296 3105 1471 3161 super
1496 3086 1612 3144 alta
1636 3085 1910 3164 Cythera,
2042 3131 2047 3135 .
2264 3075 2384 3141 680

424 3164 547 3222 Aut
573 3184 742 3241 super
771 3164 1037 3238 Idalium,
1068 3164 1289 3223 sacrata
1316 3164 1456 3222 sede
1478 3164 1786 3224 recondam
1812 3182 1831 3237 ;

426 3241 522 3299 Ne
551 3243 665 3318 quii
693 3243 838 3300 scire
866 3242 1047 3317 dolos,
1078 3244 1380 3300 mediusve
1407 3259 1707 3314 occurrere
1732 3240 1931 3319 possit.

427 3320 520 3377 Tu
548 3319 755 3379 faciem
783 3320 957 3397 illius,
988 3329 1220 3380 noctem
1248 3340 1365 3378 non
1394 3318 1640 3397 amplius
1667 3339 1866 3394 unam,

425 3398 593 3456 Faue
621 3400 775 3473 dolo,
805 3408 865 3457 et
891 3410 1056 3460 notos
1081 3399 1247 3477 pueri
1274 3418 1420 3476 puer
1444 3398 1623 3457 indue
1649 3398 1877 3473 vultus;
1914 3448 1919 3454 .

426 3475 529 3551 Ut,
559 3498 742 3554 quum
766 3486 826 3537 te
851 3481 1072 3554 gremio
1101 3478 1350 3554 accipiet
1376 3478 1673 3536 laetissima
1698 3476 1855 3535 Dido
2264 3478 2384 3535 685

425 3554 680 3631 Regales
707 3558 857 3615 inter
884 3577 1113 3616 mensas
1141 3558 1488 3633 laticemque
1518 3557 1782 3633 Lyaeum,
1996 3583 1999 3586 >

428 3633 631 3705 Quum
660 3635 819 3693 dabit
846 3637 1147 3713 amplexus
1176 3649 1345 3713 atque
1375 3636 1573 3694 oscula
1598 3635 1791 3694 dulcia
1816 3635 1975 3712 figet,

428 3712 738 3772 Occultum
767 3715 1009 3792 inspires
1036 3717 1252 3791 ignem,
1281 3714 1559 3792 fallasque
1586 3734 1833 3773 veneno.
1906 3783 1913 3786 v

503 3791 681 3851 Paret
706 3794 887 3851 Amor
912 3795 1082 3853 dictis
1103 3814 1248 3852 carae
1274 3794 1604 3870 genetricis,
1633 3803 1694 3853 et
1718 3794 1837 3853 alas
