2717 4300
1181 361 1412 436 maun
1447 380 1548 440 xl.

360 526 840 605 Fluminibusque
865 535 1142 605 vagantur
1166 547 1311 587 aves·
1338 526 1485 607 (heu
1512 528 1638 588 dira
1662 548 1925 591 meomm

365 607 665 684 Supplicia
685 606 732 686 1)
781 615 840 665 et
867 608 1130 685 scopulos
1156 607 1488 685 lacrymosis
1514 608 1763 676 vocibus*
1778 611 2040 689 implent.

364 684 514 742 Haec
541 682 913 758 adeoexiuo
941 686 1086 746 mihi
1103 685 1227 765 jam
1253 686 1538 763 speranda
1562 686 1793 747 suerunt

364 762 676 840 Tempore,
705 783 880 841 quum
908 764 1058 822 ferro
1084 765 1341 830 coelestia
1367 781 1604 842 corpora
1629 766 1867 826 demens

358 842 618 919 Appetii,
647 851 706 901 et
732 843 980 901 Veneris
1006 841 1217 901 violavi
1245 843 1482 901 vulnere
1510 843 1788 906 dextram.

358 919 457 978 Ne
486 918 644 996 vero,
671 940 746 979 ne
774 939 868 978 me
898 923 970 978 ad
995 921 1139 980 tales
1166 922 1445 999 impellite
1469 940 1714 999 pugnas.

359 998 421 1057 N
424 1018 489 1056 ec
520 998 662 1056 mihi
688 1019 820 1058 cum
847 1000 1093 1058 Teucris
1118 1000 1301 1058 ullum
1326 1008 1459 1077 post
1484 1009 1645 1059 eruta
1670 1001 1887 1061 bellum

359 1075 659 1152 Pergama,
686 1096 797 1135 nec
822 1086 1091 1154 veterum
1109 1079 1348 1136 memini
1376 1078 1614 1139 laetorve
1638 1080 1950 1152 malorum-1

360 1155 628 1230 Munera,
656 1156 1008 1232 quae'patliis
1035 1156 1107 1213 ad
1134 1175 1229 1214 me
1253 1158 1488 1233 portatis
1516 1157 1587 1232 ab
1615 1158 1748 1233 oris,

359 1233 586 1304 Vertite
614 1231 686 1290 ad
711 1234 963 1291 AEnean.
1048 1234 1324 1293 Stetimus
1348 1235 1466 1292 tela
1492 1254 1694 1311 aspera
1717 1243 1934 1311 eontra,

359 1308 843 1388 contulimusque
869 1331 1073 1369 manus
1096 1332 1110 1369 z
1154 1320 1391 1390 experto
1418 1314 1653 1388 credite,
1681 1321 1928 1391 quantus

362 1389 430 1447 In
459 1389 725 1466 clypeum
754 1398 1026 1465 assurgat,
1055 1409 1169 1466 quo
1196 1390 1425 1448 turbine
1453 1398 1712 1468 torqueat
1735 1389 1961 1451 hastam

362 1468 425 1525 Si
454 1468 568 1525 duo
594 1475 873 1545 praeterea
897 1468 1042 1527 tales
1072 1468 1229 1526 Idaea
1255 1469 1481 1527 tulisset
1705 1517 1714 1526 .

357 1547 539 1604 Terra
564 1547 734 1622 viros,
763 1545 912 1604 ultro
942 1547 1207 1605 Inachias
1234 1547 1491 1605 venisset
1516 1547 1789 1608 adul-bes

358 1626 684 1699 DardanuS,
713 1632 773 1683 et
797 1625 978 1683 versis
1000 1625 1226 1702 lugeret
1253 1625 1480 1683 Graecia
1504 1625 1652 1685 fatis.

361 1703 661 1780 Quidquid
689 1704 840 1781 apud
868 1705 1024 1762 duras
1052 1712 1341 1762 cessatum
1369 1712 1457 1762 est
1473 1704 1697 1763 ‘moenis
1721 1704 1935 1785 Trojae,

359 1782 625 1840 Hectoris
653 1781 979 1860 AEneaeque
1006 1802 1181 1840 manu
1209 1783 1450 1840 victoria
1475 1783 1717 1841 Graium
1753 1841 1754 1844 ,
1963 1815 1968 1820 -

362 1860 565 1936 Haesit,
595 1868 654 1918 et
679 1859 738 1916 in
767 1861 1055 1919 decimum
1083 1861 1324 1936 vestigia
1348 1861 1543 1920 retulit
1567 1882 1802 1920 annum.

357 1938 548 1996 Ambo
575 1939 800 2013 animiS,
830 1940 1000 1997 ambo
1027 1939 1282 2015 insignes
1309 1940 1710 2016 praestantibus
1738 1940 1946 2004 armis:

359 2017 474 2075 Hic
502 2018 713 2095 pietate
738 2017 909 2095 prior.
993 2019 1222 2077 Coeant
1248 2018 1306 2074 in
1335 2016 1556 2076 foedera·
1577 2019 1814 2087 dextra,

360 2095 494 2167 Qua
522 2097 720 2155 datur:
765 2104 851 2155 ast
877 2096 1047 2154 armis
1074 2104 1420 2157 concurrant
1441 2105 1602 2157 arma
1627 2110 1847 2158 cavete.

358 2174 441 2232 Et
466 2194 739 2268 responsa
765 2176 937 2233 simul
964 2192 1093 2253 quae
1122 2175 1253 2251 sint,
1282 2194 1389 2233 rex
1415 2176 1650 2253 optime,
1678 2178 1834 2259 regis

356 2253 603 2330 Audisti,
633 2262 691 2312 et
717 2274 843 2332 quae
871 2254 945 2312 sit
972 2273 1178 2331 magno
1205 2255 1493 2313 sententia
1516 2253 1690 2328 bello.

434 2333 554 2391 Vix
582 2351 652 2391 ea
676 2333 886 2409 legati3
928 2333 1232 2410 variusque
1258 2351 1365 2410 per
1390 2352 1490 2390 ora
1515 2333 1766 2392 cucurrit

356 2410 715 2469 Ausonidum
744 2412 969 2471 turbata
993 2412 1240 2470 fremor:
1274 2430 1396 2469 -ceu
1424 2431 1564 2470 saxa
1588 2420 1880 2470 morantur

359 2490 552 2560 Quum
580 2490 806 2568 rapidos
833 2509 1068 2563 amnes;
1112 2491 1178 2549 fit
1202 2490 1400 2548 clauso
1426 2488 1650 2567 gurgite
1677 2509 1952 2568 murmur,

356 2567 583 2626 Vicinae
627 2588 702 2626 ue
728 2569 980 2631 fremunt
1005 2570 1143 2648 ripae
1172 2569 1584 2647 crepitantibus
1612 2571 1801 2628 undis-

354 2646 439 2707 Ut
463 2647 609 2726 prim
655 2668 710 2704 m
736 2648 943 2727 placati
973 2649 1168 2724 animi,
1198 2656 1258 2706 et
1282 2649 1506 2726 trepida
1531 2668 1631 2710 ora
1656 2647 1944 2727 quierunt,

354 2725 629 2802 Praesatus
657 2727 839 2803 divos,
868 2727 1012 2786 solio
1038 2747 1142 2786 rex
1169 2728 1297 2785 infit
1323 2728 1395 2785 ab
1424 2729 1538 2789 alto
1564 2749 1579 2787 τ
1639 2747 1648 2791 j

432 2801 588 2862 Ante
618 2805 884 2881 equidem
914 2807 1138 2863 summa
1165 2807 1238 2864 de
1266 2826 1327 2865 re
1348 2808 1642 2884 statuisse,
1668 2808 1881 2884 Latini,

354 2881 437 2940 Et
460 2881 694 2957 vellem,
724 2889 784 2940 et
806 2884 991 2941 suerat
1014 2882 1257 2943 melius:
1300 2886 1417 2943 non
1445 2895 1705 2964 tempore
1732 2887 1834 2963 tali

352 2961 579 3037 Cogere
609 2960 1146 3036 concilium‚„quum
1172 2982 1364 3022 muros
1392 2965 1614 3023 adsidet
1638 2965 1842 3024 hostis.

352 3038 586 3098 Bellum
613 3039 1026 3117 importunum,
1056 3037 1232 3115 cives»,
1261 3059 1393 3097 cum
1421 3051 1591 3118 gente
1618 3043 1856 3102 deorum

355 3118 706 3197 Invictisque
731 3118 868 3177 viris
895 3117 1166 3194 gerimuS,
1196 3137 1343 3195 quos
1369 3121 1527 3181 nulla
1551 3120 1792 3198 fatigant

352 3194 582 3274 Proelia,
610 3216 720 3256 nec
745 3197 885 3256 victi
910 3196 1453 3275 possunt'absistere
1479 3198 1644 3259 ferross

356 3275 532 3352 Spem
562 3275 611 3334 si
638 3296 810 3354 quam
838 3275 1071 3343 adscitis
1097 3274 1364 3333 AEtolfim
1392 3276 1671 3337 habuistis
1697 3278 1758 3336 in
1786 3276 1985 3351 armis,

352 3353 598 3428 Ponite3
641 3373 773 3432 spes
801 3354 1183 3431 sibiquisque
1209 3373 1222 3411 ε
1267 3354 1371 3411 sed
1391 3354 1525 3414 haec
1552 3353 1727 3432 quam
1756 3362 1999 3431 angusta
2022 3352 2308 3493 videtigsso

352 3432 582 3489 Caetera
607 3433 719 3509 qua
745 3452 934 3491 rerum
948 3435 1184 3510 jaceant
1206 3432 1474 3509 perculsa
1498 3434 1684 3508 ruina,

352 3510 509 3568 Ante
535 3511 729 3568 oculos
755 3510 1017 3589 interque
1043 3529 1250 3569 manus
1277 3519 1412 3569 sunt
1436 3511 1631 3584 omnia
1655 3517 1889 3569 vestras.

351 3588 414 3646 N
416 3607 485 3646 ec
512 3607 858 3665 quemquam
885 3590 1091 3648 incuso
1114 3609 1128 3647 t
1171 3590 1361 3667 potuit
1387 3608 1516 3664 quae
1544 3588 1791 3666 plurima
1814 3589 1996 3650 virtus

351 3666 522 3742 Esse,
552 3666 697 3738 suit3
740 3673 859 3726 toto
887 3675 1168 3726 certatum
1197 3676 1289 3741 est
1314 3674 1553 3745 corpore
1578 3667 1758 3744 regni.

350 3745 528 3803 Nunc
557 3740 722 3819 adeo,
752 3760 879 3821 quae
908 3745 982 3802 sit
1007 3745 1515 3806 dubiae-sententia
1539 3744 1739 3821 menti,

351 3823 720 3900 Expediam3
765 3830 824 3897 et
847 3822 1064 3899 paucis,
1093 3825 1313 3881 animos
1342 3824 1633 3900 adhibete,
1661 3818 1912 3883 doceb'o.'

352 3901 465 3960 Est
491 3901 755 3979 antiquus
783 3918 918 3976 ager
943 3900 1139 3958 Tusco
1165 3900 1309 3959 mihi
1334 3903 1635 3979 proximus
1662 3902 1838 3978 amni,

2199 693 2317 749 2¹75

2093 1085 2316 1139 -280

2196 2262 2314 2333 29⁵

2194 3047 2314 3101 305

2158 3794 2164 3799 ’
2190 3826 2306 3881 815
