2717 4300
1157 304 1387 362 mena
1426 306 1555 363 ΧΠ.
2212 310 2324 384 περ

362 453 661 535 Nympha,
690 455 869 516 decus
894 453 1220 532 fluviorum,
1250 457 1443 516 animo
1469 457 1793 533 gratissima
1821 467 2035 535 nostro,

362 536 497 594 Scis
524 543 588 594 ut
613 546 671 594 te
698 536 919 594 cunctis
945 554 1140 610 unam,
1170 555 1549 612 quaecumque
1576 536 1801 594 Latinae

371 613 729 689 Magnanimi
753 614 790 672 J
792 614 915 672 ovis
941 615 1228 689 ingratum
1256 612 1567 673 ascendere
1595 613 1811 689 cubile,
1978 669 1982 674 .

363 692 741 768 Praetulerim,
770 693 1018 770 coelique
1044 692 1249 750 lubens
1276 693 1336 749 iu
1365 701 1525 769 parte
1552 692 1808 750 locatim.
2209 698 2321 756 145

364 771 543 844 Disce
572 779 752 847 tuum,
780 790 856 829 ne
884 790 978 828 me
1005 771 1254 845 incuses,
1281 770 1315 828 J
1320 782 1545 845 uturna,
1574 771 1849 829 dolorem.

363 848 501 919 Qua
526 848 650 905 visa
675 857 763 908 est
787 849 1014 907 fortuna
1039 849 1177 926 pati,
1206 850 1522 926 Parcaeque
1548 848 1815 908 sinebant

360 927 588 984 Cedere
616 946 717 984 res-
734 927 924 1003 Latio,
953 927 1218 1000 Turnum
1247 935 1307 986 et
1333 936 1433 985 tua
1458 928 1672 986 moenia
1697 927 1858 987 texi:

363 1004 422 1063 N
425 1025 535 1062 unc
556 1006 837 1084 juvenem
863 1001 1176 1083 imparibus
1202 1006 1373 1064 video
1401 1024 1740 1066 concurrere
1764 1005 1913 1082 fatis,

362 1083 785 1160 Parcarumque
812 1084 936 1141 dies
962 1092 1025 1146 ,et
1048 1084 1135 1141 vis
1163 1084 1398 1142 inimica
1420 1084 1782 1161 propinquat.
2208 1089 2319 1143 150

356 1160 502 1236 ,Non
530 1181 783 1238 pugnam
812 1161 1105 1238 adspicere
1132 1162 1283 1219 hanc
1310 1163 1512 1237 oculis,
1541 1182 1656 1221 non
1683 1162 1901 1222 soedera
1922 1181 2177 1241 possum.

302 1277 311 1282 -
363 1239 480 1314 Tu,
508 1259 612 1315 pro
638 1259 913 1315 germano
940 1240 989 1297 si
1015 1240 1151 1316 quid
1179 1240 1520 1316 praesentius
1548 1242 1745 1314 audes,
2113 1237 2118 1246 ’

370 1317 588 1393 Perge3
631 1319 836 1375 decet:
877 1318 1067 1378 forsan
1097 1319 1334 1375 miseros
1363 1317 1600 1376 meliora
1624 1327 1952 1395 sequentur.
1993 1345 2002 1350 ³

369 1396 486 1453 Vix
512 1414 601 1471 ca,
629 1414 815 1472 quum
839 1396 1117 1478 lacrymas
1145 1396 1330 1454 oculis
1353 1395 1391 1453 J
1393 1398 1597 1454 uturua'
1622 1397 1910 1474 profudit3

362 1474 594 1551 Terque
621 1483 934 1550 quaterque
962 1493 1132 1546 mann
1160 1485 1363 1551 pectus
1390 1476 1672 1551 percussit
1696 1476 2024 1536 honestum.
2211 1480 2321 1533 155

365 1553 503 1623 Non
531 1552 797 1629 lacrymis
825 1551 936 1618 hoc
963 1561 1212 1630 tempus,
1241 1554 1320 1612 ait
1338 1554 1615 1624 ,Saturnia
1636 1554 1830 1629 Juno;

361 1630 659 1705 Accelera,
689 1638 748 1689 et
774 1631 1024 1704 fratrem,
1049 1634 1098 1688 si
1125 1632 1254 1708 quis
1282 1632 1506 1706 modus,
1534 1632 1693 1710 eripe
1720 1633 1890 1693 morti

361 1710 482 1768 Aut
505 1717 567 1766 tu
593 1708 750 1768 bella
773 1707 882 1783 cie,
910 1719 1373 1787 conceptumque
1402 1718 1611 1778 excute
1639 1712 1845 1772 foedus.

362 1791 587 1846 Auctor.
606 1806 717 1863 ego
743 1788 1041 1858 audendi-l
1097 1789 1193 1847 Sic
1221 1789 1520 1851 exhortata
1545 1790 1775 1866 reliquit

363 1866 674 1940 Incertam,
705 1874 765 1924 et
789 1866 935 1923 tristi
962 1865 1241 1924 turbatam
1268 1868 1509 1925 vulnere
1537 1868 1762 1926 mentis.
2210 1872 2321 1926 160

442 1945 671 2014 Interea
696 1963 878 2020 regeS,
906 1944 1126 2020 ingenti
1153 1945 1305 2003 mole
1334 1945 1574 2017 Latinus

363 2022 720 2102 QuadriJugo
746 2023 976 2088 vehitur
1002 2040 1187 2099 curru,
1217 2023 1313 2081 cui
1340 2032 1599 2101 tempora
1623 2024 1841 2083 circum

364 2102 564 2161 Aurati
590 2102 679 2177 bis
705 2121 809 2175 sex
837 2102 978 2161 radii
1005 2101 1282 2179 fulgentia
1307 2103 1563 2180 cingunt,

365 2181 515 2239 Solis
543 2182 634 2239 avi
662 2182 994 2259 specimen3
1037 2181 1186 2257 bigis
1211 2182 1256 2240 it
1281 2181 1513 2240 Turnus
1539 2182 1600 2239 in
1629 2182 1792 2259 albis,
1846 2180 1856 2191 ‘
1910 2231 1916 2236 .

365 2260 516 2318 Bina
542 2280 716 2317 manu
742 2260 857 2318 lato
885 2259 1142 2336 crispans
1168 2260 1398 2318 hastilia
1423 2261 1590 2321 ferro.
1722 2316 1726 2320 .
1835 2268 1841 2273 '
2216 2266 2321 2320 165

366 2339 520 2396 Hinc
545 2347 708 2415 pater
731 2339 975 2413 AEneas,
998 2339 1281 2397 Romame
1310 2339 1504 2416 stirpis
1530 2338 1707 2416 origo,

363 2418 601 2474 Sidereo
628 2417 869 2492 flagrans
897 2418 1100 2494 clypeo
1129 2427 1188 2476 et
1211 2417 1543 2476 coelestibus
1570 2417 1761 2492 armis,
1806 2466 1830 2479 ,.

364 2495 444 2553 Et
461 2493 633 2573 juxta
660 2496 964 2570 Ascanium,
994 2515 1218 2571 magnae
1246 2515 1380 2573 spes
1408 2497 1587 2559 altera
1608 2497 1841 2572 Romae,

363 2573 693 2633 Procedunt
718 2574 952 2646 castris3
995 2575 1256 2655 puraque
1282 2575 1343 2633 in
1371 2585 1533 2634 veste
1561 2575 1826 2634 sacerdos
2089 2618 2092 2623 ·

363 2653 609 2728 Setigeri
636 2654 833 2711 foetum
861 2654 978 2719 suis
1005 2654 1408 2730 intonsamque
1434 2654 1731 2713 bidentem
2207 2657 2321 2712 170

340 2731 589 2804 2Attulit,
617 2732 984 2808 admovitque
1010 2751 1190 2810 pecus
1215 2732 1587 2809 flagrantibus
1614 2731 1743 2791 aris.

362 2811 476 2883 Illi,
508 2810 576 2866 ad
607 2817 934 2882 surgentem
961 2812 1224 2873 conversi
1250 2812 1471 2871 lumina
1495 2813 1697 2885 solem,

360 2890 521 2946 Dant
547 2887 736 2962 fruges
763 2886 1028 2945 manibus
1055 2889 1249 2964 salsas,
1278 2900 1338 2949 et
1363 2899 1621 2968 tempora
1649 2889 1796 2947 ferro

364 2968 604 3025 Summa
629 2972 832 3035 notant
855 2964 1169 3040 pecudum,
1193 2968 1521 3044 paterisque
1549 2969 1747 3029 altaria
1772 2965 1966 3026 libant·

359 3046 515 3103 Tum
543 3045 675 3122 pius
703 3042 942 3117 AEueas,
970 3043 1167 3102 stricto
1194 3044 1277 3102 sic
1304 3065 1444 3105 ense
1470 3055 1773 3123 precatur:
2209 3046 2320 3109 175.

361 3124 506 3191 Esto
533 3141 690 3181 nunc
719 3122 817 3181 Sol
847 3120 1028 3197 testi8‚
1056 3130 1117 3181 et
1134 3123 1268 3180 haec
1290 3124 1440 3197 ,mihi
1465 3132 1613 3183 terra
1639 3124 1889 3199 vocanti,

361 3202 553 3273 Quam
579 3209 814 3279 propter
837 3209 1027 3260 tantos
1053 3201 1217 3278 potui
1242 3201 1490 3278 perferre
1517 3202 1760 3278 labores,
1870 3262 1878 3275 ,

361 3281 443 3339 Et
467 3281 640 3339 Pater
665 3279 1050 3358 omnipotens,
1080 3290 1140 3339 et
1164 3289 1246 3354 tu,
1278 3280 1546 3340 Saturnia
1566 3282 1740 3354 Juno,

356 3359 394 3416 J
397 3379 489 3416 am
515 3360 737 3434 melior,
758 3361 901 3438 jam,
930 3359 1081 3435 diva,
1109 3377 1346 3437 precor:
1390 3368 1588 3437 tuque,
1616 3358 1836 3435 inclyte
1860 3355 2116 3434 Mavors,

361 3437 587 3496 Cuncta
612 3446 710 3496 tuo
736 3437 1033 3515 quibella,
1058 3446 1241 3516 pater,
1266 3437 1377 3496 sub
1404 3439 1643 3496 numine
1672 3446 1900 3513 torques
1924 3454 1938 3493 ε
2074 3434 2078 3445 ’
2209 3441 2319 3499 180

338 3516 712 3593 ,-Fontesque,
739 3515 1058 3593 fluviosque
1084 3536 1251 3592 voco,
1279 3536 1526 3593 quaeque
1554 3514 1784 3573 aetheris
1811 3512 1911 3583 alti

359 3594 639 3669 Relligio‚
664 3603 723 3653 et
747 3613 879 3670 qum
904 3596 1315 3656 caeruleo'sunt
1339 3596 1580 3655 numina
1603 3603 1802 3670 ponto.

356 3666 616 3733 Cesserit
641 3672 900 3731 Ausonio
927 3674 985 3744 si,
1004 3674 1117 3733 fors
1143 3675 1382 3746 victoria
1409 3674 1628 3747 Turno,

357 3750 653 3810 Convenit
679 3751 937 3808 Evandri
964 3752 1157 3823 victos¹
1176 3753 1475 3825 discedere
1504 3752 1575 3810 ad
1603 3748 1806 3817 urbem
1826 3770 1858 3823 ς·

359 3830 549 3889 Cedet
577 3827 955 3964 ΙϋΙιιεέξῃβὶ
994 3848 1104 3887 nec
1131 3839 1263 3907 post
1289 3850 1447 3893 arma
1467 3820 1594 3888 ulla
1616 3828 1859 3887 rebelles
2205 3829 2317 3884 185
