2717 4300
1168 342 1407 399 LIBER
1444 344 1548 400 III.

374 491 455 552 Et
482 501 675 551 tamen
702 490 853 550 hanc
877 491 1083 569 pelago
1109 493 1510 571 praeterlabare
1536 511 1778 552 necesse
1803 501 1928 555 est:

373 573 647 630 Ausoniae
674 589 806 648 pars
831 571 930 628 illa
953 573 1153 648 procul
1180 591 1353 651 quam
1380 572 1584 651 pandit
1608 574 1662 631 A
1704 571 1838 632 ollo.

372 649 561 725 Vade,
592 650 688 724 ait,
716 669 751 706 o
778 648 919 707 felix
947 650 1066 707 nati
1091 652 1306 728 pietate
1329 654 1343 708 !
1431 650 1590 722 Quid
1617 670 1655 709 u
1679 659 1766 710 tra

372 729 686 804 Provehor,
716 737 775 786 et
800 727 973 786 fando
1001 738 1300 805 surgentes
1330 730 1594 788 demoror
1621 731 1881 793 austros?
1933 778 1941 786 .
2034 785 2041 793 ,

371 807 505 866 Nec
535 804 726 865 minus
752 807 1184 884 Andromache,
1213 809 1472 884 digressu
1499 815 1705 866 moesta
1729 827 2020 887 supremo,

297 926 304 935 -
375 887 516 945 Fert
542 887 852 963 picturatas
881 887 1001 943 auri
1029 885 1361 945 subtemine
1388 895 1597 963 vestes,

375 965 458 1023 Et
484 965 797 1042 Phrygiam
825 965 1077 1022 Ascanio
1106 965 1471 1042 chlamydem
1492 984 1510 1038 3
1552 983 1664 1023 nec
1690 964 1846 1024 cedit
1868 964 2111 1024 honori:

374 1043 818 1118 Textilibusque
847 1051 1045 1101 onerat
1070 1044 1256 1119 donis,
1286 1063 1353 1102 ac
1382 1045 1517 1102 talia
1541 1043 1729 1102 fatur:
1786 1086 1797 1089 „

372 1122 598 1200 Accipe
626 1131 686 1181 et
712 1122 859 1196 haec,
888 1141 1166 1184 manuum
1196 1123 1300 1181 tibi
1328 1142 1459 1199 quae
1488 1130 1863 1183 monumenta
1887 1141 2145 1181 mearum

376 1201 521 1276 Sint,
550 1221 713 1278 puer,
743 1210 804 1258 et
827 1201 1063 1276 longum
1089 1201 1514 1259 Andromachae
1541 1208 1822 1261 testentur
1846 1220 2124 1278 amorem,

375 1279 653 1359 Conjugis
681 1279 1009 1358 Hectoreas.
1094 1280 1256 1356 Cape
1285 1280 1438 1337 dona
1465 1287 1723 1337 extrema
1748 1280 1998 1356 tuorum,

375 1358 427 1416 O
456 1359 599 1416 mihi
625 1357 747 1416 sola
773 1358 888 1415 mei
916 1376 1088 1435 super
1111 1359 1487 1435 Astyanactis
1513 1357 1741 1434 imago!

375 1438 474 1495 Sic
500 1438 719 1512 oculos,
748 1437 831 1494 sic
861 1435 960 1494 ille
987 1456 1212 1513 manus,
1242 1437 1325 1494 sic
1354 1455 1454 1495 ora
1479 1435 1735 1513 ferebat3

372 1516 453 1574 Et
478 1534 633 1574 nunc
663 1514 873 1592 aequali
901 1523 1092 1573 tecum
1120 1515 1466 1592 pubesceret
1491 1530 1635 1573 aevo.

451 1595 579 1653 Hos
607 1613 714 1669 ego
743 1594 1068 1669 digrediens
1096 1593 1364 1670 lacrymis
1392 1593 1607 1653 affabar
1633 1592 1885 1654 obortis:

372 1672 569 1732 Vivite
595 1673 814 1747 feliceS,
843 1672 1048 1749 quibus
1076 1682 1163 1731 est
1188 1672 1414 1732 fortuna
1437 1681 1671 1751 peracta

369 1751 498 1810 Jam
525 1771 665 1825 sua;
706 1771 813 1809 nos
840 1752 952 1810 alia
978 1770 1053 1809 ex
1080 1751 1206 1809 aliis
1232 1752 1290 1809 in
1321 1753 1437 1810 sata
1460 1754 1752 1817 vocamur.

372 1829 557 1889 Vobis
583 1838 745 1909 parta
770 1831 972 1907 quies;
1014 1830 1238 1888 nullum
1265 1831 1437 1888 maris
1464 1849 1661 1908 aequor
1687 1831 2000 1905 arandum;

371 1911 526 1967 Arva
552 1928 741 1985 neque
769 1909 1042 1967 Ausoniae
1070 1928 1300 1986 semper
1326 1910 1593 1968 cedentia
1618 1918 1767 1968 retro

373 1989 738 2059 Quaerenda:
782 1987 1032 2063 effigiem
1060 1988 1301 2064 Xanthi,
1330 1988 1704 2067 Trojamque,
1731 1987 1961 2064 videtis,

373 2067 564 2138 Quam
590 2075 795 2125 vestrae
821 2065 1013 2125 fecere
1041 2085 1262 2142 manus,
1291 2066 1644 2143 melioribus,
1673 2073 1830 2160 opto,

370 2146 679 2225 Auspiciis,
710 2155 768 2205 et
792 2165 920 2224 quae
947 2145 1120 2203 fuerit
1145 2143 1337 2203 minas
1365 2145 1536 2204 obvia
1564 2146 1773 2205 Graiis.

374 2226 437 2284 Si
463 2227 689 2303 quando
717 2224 960 2301 Tybrim
982 2224 1288 2301 vicinaque
1316 2223 1588 2304 Tybridis
1617 2244 1752 2283 arva

372 2304 611 2380 Intraro,
639 2304 911 2381 gentique
940 2321 1088 2360 meae
1116 2303 1249 2360 data
1273 2303 1488 2359 moenia
1513 2321 1763 2379 cernam,

370 2385 658 2459 Cognatas
683 2383 853 2440 urbes
880 2382 1037 2456 olim,
1064 2381 1424 2459 populosque
1448 2382 1820 2461 propinquos,

369 2463 570 2540 Epiro,
601 2461 907 2538 Hesperia,
936 2460 1145 2537 quibus
1172 2461 1328 2519 idem
1354 2461 1664 2519 Dardanus
1693 2466 1909 2537 auctor,

369 2543 561 2619 Atque
588 2541 742 2598 idem
770 2559 955 2615 casus,
984 2559 1157 2598 unam
1186 2540 1462 2598 faciemus
1489 2547 1786 2616 utramque

369 2620 605 2699 Trojam
635 2619 839 2677 animis
863 2639 876 2677 ε
920 2627 1150 2677 maneat
1174 2628 1397 2677 nostros
1427 2637 1496 2677 ea
1523 2637 1663 2677 cura
1687 2624 1948 2697 nepotes.

445 2699 827 2758 Provehimur
851 2699 1055 2775 pelago
1080 2698 1275 2756 vicina
1301 2698 1591 2757 Ceraunia
1607 2699 1797 2776 juxta,

369 2778 544 2838 Unde
571 2778 679 2836 iter
708 2776 951 2852 Italiam,
980 2796 1293 2855 cursusque
1318 2777 1689 2836 brevissimus
1716 2775 1906 2835 undis.

373 2856 471 2915 Sol
498 2856 610 2915 ruit
633 2857 869 2931 interea,
897 2864 957 2914 et
981 2864 1203 2914 montes
1229 2855 1568 2915 umbrantur
1593 2856 1776 2933 opaci.

374 2935 692 2995 Sternimur
717 2942 928 3012 optatae'
955 2936 1169 3009 gremio
1197 2934 1415 2994 telluris
1444 2935 1515 2993 ad
1539 2935 1776 3010 undam,
1867 2961 1873 2970 ·

374 3015 568 3076 Sortiti
594 3034 800 3090 remos,
828 3014 1154 3090 passimque
1182 3014 1240 3070 in
1268 3014 1457 3072 littore
1485 3014 1658 3072 sicco·
1764 3045 1772 3052 ·

373 3094 626 3171 Corpora
651 3111 916 3152 curamus
940 3110 953 3148 :
997 3090 1178 3149 fessos
1205 3110 1377 3169 sopor
1400 3092 1594 3167 irrigat
1620 3099 1789 3150 artuS.

370 3173 641 3232 Necdum
665 3172 861 3230 orbem
882 3170 1139 3229 medium
1165 3170 1306 3229 Nox
1330 3170 1488 3227 horis
1517 3179 1642 3229 acta
1668 3169 1935 3229 subibat:

373 3251 546 3310 Haud
573 3252 765 3326 segnis
792 3258 964 3309 strato
992 3249 1172 3325 surgit
1195 3248 1520 3324 Palinurus,
1549 3257 1608 3308 et
1632 3267 1834 3306 omnes

373 3330 655 3408 Explorat
677 3338 901 3404 ventOS,
932 3336 1101 3405 atque
1121 3327 1361 3385 auribus
1391 3332 1524 3385 aera
1550 3335 1777 3405 captat:

375 3409 575 3467 Sidera
600 3417 807 3466 cuncta
833 3415 993 3466 notat
1017 3406 1190 3466 tacito
1216 3405 1470 3469 labentia
1496 3406 1663 3480 coelo,

329 3519 355 3536 ο
370 3490 697 3562 Arcturum,
724 3487 1060 3564 pluviasque
1088 3485 1347 3563 Hyadas,
1376 3484 1752 3560 geminosque
1778 3480 2044 3559 Triones,

372 3568 786 3643 Armatumque
815 3584 949 3623 auro
977 3564 1367 3641 circumspicit
1393 3562 1625 3621 Oriona.

370 3646 683 3721 Postquam
711 3653 916 3702 cuncta
941 3644 1100 3703 videt
1125 3643 1270 3702 coelo
1298 3648 1560 3701 constare
1586 3658 1810 3716 sereno,

372 3726 493 3783 Dat
520 3724 735 3782 clarum
765 3742 798 3780 e
824 3722 1004 3799 puppi
1031 3722 1258 3798 signum
1280 3741 1296 3796 3
1339 3739 1447 3778 nos
1474 3727 1657 3778 castra
1681 3738 2000 3796 movemus,
2058 3731 2069 3748 ³

309 3875 320 3882 .
373 3802 805 3879 Tentamusque
831 3800 1023 3873 viam3
1066 3809 1125 3859 et
1147 3800 1408 3858 velorum
1434 3798 1739 3876 pandimus
1766 3798 1902 3857 alas.

450 3881 695 3958 Jamque
722 3878 1059 3938 rubescebat
1084 3879 1263 3938 stellis
1290 3881 1515 3937 Aurora
1537 3877 1764 3954 fugatis,

2219 655 2337 711 480

2215 1048 2357 1103 485.

2213 1438 2366 1496 490-

2210 1834 2330 1891 495

2098 2620 2328 2676 ¹505

2212 3014 2330 3069 510

2212 3406 2330 3463 515
