2717 4300
1200 352 1433 411 LIBER
1469 352 1573 411 111.

404 505 566 565 Mox
591 512 715 565 erat
740 504 898 563 boc
880 522 1069 581 ipsum
1097 504 1296 581 exitio,
1325 487 1599 582 furiisque
1627 504 1827 565 refecti

415 583 779 655 Ardebant3
792 584 1018 660 ipsique
1044 602 1197 659 suos,
1219 586 1359 661 jam
1355 594 1553 642 morte
1580 584 1687 642 sub
1716 585 1889 662 εει-ἂ,

425 661 536 740 (Di
563 661 800 721 meliora
824 661 956 753 piis,
986 681 1351 739 erroremque
1379 662 1644 722 hostibus
1665 663 1900 742 illumi)

418 741 711 800 Discissos
732 734 902 798 nudis
927 740 1220 799 laniabant
1245 741 1512 799 dentibus
1540 750 1710 800 artus.

494 820 659 877 Ecce
688 828 879 881 autem
908 819 1052 876 duro
1078 819 1304 876 fumans
1332 819 1439 877 sub
1467 839 1699 878 vomere
1726 828 1921 879 taurus

418 898 710 973 Concidit,
740 906 799 956 et
825 898 1068 954 mixtum
1097 899 1315 975 spumis
1342 900 1524 958 vomit
1551 918 1648 957 ore
1676 918 1957 975 cruorem,

419 977 844 1054 Extremusque
873 976 988 1034 ciet
1013 977 1259 1052 gemitus
1280 996 1305 1035 t.
1337 978 1385 1034 it
1410 976 1586 1035 tristis
1613 987 1814 1047 arator,

420 1055 772 1113 Moerentem
801 1054 1120 1132 abjungens
1147 1054 1394 1114 fraterna
1422 1064 1604 1114 morte
1624 1058 1969 1134 juvencum,
2029 1075 2042 1079 ’

420 1136 615 1210 Atque
643 1153 819 1211 opere
846 1134 907 1191 in
936 1134 1130 1191 medio
1157 1134 1352 1191 defixa
1378 1134 1651 1211 relinquit
1678 1144 1875 1193 aratra.

498 1212 560 1270 N
563 1233 637 1270 on
664 1213 879 1271 umbrae
907 1204 1148 1283 altorum
1177 1232 1512 1289 nemorum,
1525 1232 1640 1270 non
1668 1214 1869 1272 mollia
1888 1221 2130 1290 possunt

420 1291 594 1349 Prata
618 1310 853 1349 movere
880 1291 1157 1366 animum,
1186 1311 1302 1348 non
1332 1293 1431 1367 qui
1458 1310 1560 1366 per
1586 1311 1727 1349 saxa
1751 1293 1980 1351 volutus

422 1370 625 1428 Purior
651 1371 861 1429 electro
889 1388 1159 1446 campum
1184 1371 1329 1447 petit
1357 1371 1577 1427 amnis:
1623 1378 1681 1428 at
1704 1372 1824 1429 ima

425 1449 735 1507 Solvuntur
753 1450 948 1523 latera,
978 1457 1149 1525 atque
1177 1448 1375 1506 oculos
1403 1457 1608 1526 stupor
1625 1457 1789 1524 urget
1813 1449 2048 1526 inertes,

420 1528 517 1586 Ad
540 1536 861 1605 terramque
887 1527 1014 1586 fluit
1039 1529 1265 1585 devexo
1292 1528 1547 1605 pondere
1575 1529 1791 1616 cervix:
1859 1588 1870 1601 J

424 1606 584 1677 Quid
609 1606 768 1664 labor
796 1614 895 1663 aut
920 1598 1221 1667 benefacta
1237 1609 1490 1686 juvant?
1534 1598 1694 1684 quid
1698 1627 1735 1664 v
1737 1625 1930 1665 omere
1957 1614 2135 1673 terras

423 1685 732 1743 Invertisse
761 1687 1002 1761 graves?
1064 1685 1219 1763 atqui
1246 1705 1361 1745 ιιοιι
1390 1686 1647 1743 Massica
1674 1686 1895 1747 Bacchi

421 1764 690 1839 Munera,
718 1784 835 1822 non
862 1763 975 1822 illis
1004 1765 1189 1841 epulae
1218 1782 1469 1824 nocuere
1497 1761 1775 1841 repostae:

421 1843 750 1902 Frondibus
777 1852 836 1901 et
860 1844 1014 1901 victu
1083 1853 1353 1901 ascuntur
1380 1843 1656 1920 simplicis
1682 1843 1948 1903 herbae·
1898 1886 1915 1917 ,

420 1920 641 1982 Pocula
668 1930 799 1980 sunt
825 1921 1012 1981 fontes
1038 1863 1259 2000 Equidi,
1291 1931 1460 1998 atque
1491 1923 1742 1981 exercita
1768 1942 1937 1981 cursu

420 2002 736 2074 Flumina,
769 2020 877 2058 nec
906 2012 1136 2059 somnos
1165 2002 1451 2078 abrumpit
1476 2020 1613 2067 cura
1638 2002 1912 2060 salubres-

498 2081 788 2158 Tempore
815 2099 932 2138 non
959 2076 1071 2139 alio
1099 2081 1298 2139 dicunt
1314 2079 1651 2173 regionibus
1678 2080 1791 2139 illis

424 2160 710 2232 Quaesitas
739 2160 810 2218 ad
838 2179 1002 2218 sacra
1024 2160 1206 2218 boves
1230 2160 1497 2234 sunonis,
1528 2168 1586 2217 et
1610 2161 1773 2218 uris
2125 2169 2140 2202 ²

425 2238 753 2335 imparibus
771 2240 976 2299 ductos
1005 2239 1119 2297 alta
1145 2240 1218 2297 ad
1245 2239 1481 2298 donaria
1507 2254 1720 2296 currus.

419 2320 581 2395 Ergo
609 2337 757 2394 aegre
787 2318 978 2377 rastris
1005 2326 1213 2377 terram
1240 2317 1534 2391 rimantur,
1564 2325 1623 2375 et
1649 2316 1789 2394 ipsis

425 2397 733 2474 Unguibus
761 2396 1047 2456 infodiunt
1071 2396 1282 2473 fruges,
1312 2404 1651 2472 montesque
1679 2415 1783 2473 per
1808 2394 1952 2453 altos

422 2476 713 2536 Contenta
740 2476 965 2537 cervice
993 2476 1226 2538 trahunt
1252 2475 1550 2533 stridentia
1576 2475 1842 2552 plaustra.

499 2556 637 2614 Non
666 2549 833 2632 lupus
861 2554 1096 2613 insidias
1123 2554 1383 2632 explorat
1408 2539 1582 2611 ovilia
1607 2555 1845 2629 circum,

421 2634 483 2692 N
486 2654 552 2693 ec
581 2634 847 2711 gregibus
874 2641 1187 2692 nocturnus
1214 2632 1575 2706 obambulat3
1620 2634 1803 2692 acrior
1827 2631 1993 2691 illum

420 2714 578 2771 Oura
604 2715 833 2772 domat.
879 2713 1064 2770 timidi
1091 2714 1275 2771 damae
1303 2713 1575 2789 cervique
1600 2708 1835 2789 fugaces

420 2792 484 2851 N
488 2811 598 2850 unc
625 2792 888 2868 interque
915 2810 1087 2849 canes
1115 2800 1174 2850 et
1200 2792 1420 2850 circum
1449 2801 1601 2850 tecta
1627 2799 1921 2867 vagantur.

419 2871 455 2928 J
459 2891 550 2929 am
580 2871 750 2929 maris
777 2871 1048 2944 immensi
1073 2870 1293 2947 prolem
1323 2878 1382 2929 et
1407 2889 1590 2945 genus
1619 2890 1795 2929 omne
1819 2868 2120 2929 natantum

423 2950 686 3008 Littore
670 2969 730 3007 ιιι
759 2957 1037 3024 extremO,
1065 2969 1173 3007 ceu
1199 2950 1475 3024 naufraga
1500 2966 1755 3025 corpora,
1778 2949 1990 3008 fluctus

423 3028 677 3087 Proluit.
720 3025 963 3087 insolitae
990 3020 1257 3104 fugiunt
1241 3049 1299 3085 ιιι
1326 3028 1566 3086 flumina
1589 3027 1812 3105 phocae.

424 3108 629 3168 Interit
656 3116 714 3166 et
738 3108 926 3165 curvis
953 3108 1159 3166 frustra
1184 3106 1424 3173 defensa
1447 3106 1679 3165 latebris

423 3185 659 3263 Vipera,
691 3194 750 3245 et
777 3186 998 3246 attoniti
1027 3185 1279 3264 squamis
1307 3185 1660 3243 adstantibus
1687 3183 1873 3262 hydri.

428 3265 576 3342 Ipsis
604 3273 691 3323 est
719 3269 816 3323 aer
844 3266 1047 3323 avibus
1071 3281 1190 3322 non
1219 3283 1436 3339 aequus,
1465 3271 1525 3322 et
1549 3264 1663 3323 illae

424 3340 758 3421 Praecipites
787 3345 900 3402 alta
928 3345 1106 3403 vitam
1133 3341 1240 3401 sub
1266 3343 1423 3400 nube
1449 3342 1802 3420 relinquunt.

425 3423 756 3482 Praeterea
729 3443 855 3501 Jam
874 3443 992 3482 nec
1020 3421 1225 3484 mutari
1250 3421 1472 3514 pabula
1490 3422 1681 3496 refert,

428 3502 820 3579 Quaesitaeque
848 3510 1079 3560 nocent.
1087 3511 1271 3560 artes.
1315 3497 1544 3562 cessere
1573 3498 1848 3575 magistri,

424 3580 772 3657 Phillyrides
801 3580 1040 3655 Chiron,
1069 3578 1612 3673 Amythaoniusque
1637 3577 1985 3671 Melampus.
2069 3653 2072 3656 Δ

428 3660 608 3718 Saevit
635 3669 692 3718 et
719 3660 778 3717 in
805 3660 1000 3718 lucem
1033 3660 1246 3735 Stygiis
1275 3658 1485 3720 emissa
1511 3656 1762 3716 tenebris

425 3738 650 3797 Pallida
676 3738 1017 3831 Tisiphone,
1047 3680 1289 3820 Morbos
1315 3737 1446 3813 agit
1460 3733 1610 3794 autc
1620 3736 1981 3832 Metumque,

429 3817 611 3895 Inque
641 3815 766 3874 dies
794 3817 1026 3896 avidum
1044 3836 1292 3893 surgens
1318 3827 1491 3893 caput
1515 3812 1684 3874 altius
1711 3815 1894 3875 effert.

432 3896 636 3955 Balatu
662 3914 937 4032 pegopum
957 3903 1016 3954 et
1041 3895 1256 3953 crebris
1282 3895 1604 3971 mugitibus
1621 3903 1820 3952 amnes

2259 825 2379 879 515

2265 1208 2379 1274 520

2264 1611 2380 1665 525

2264 2006 2380 2067 5:³0

2267 2794 2382 2848 540

2271 3187 2387 3242 545

2269 3582 2386 3637 550
