2717 4300
1218 288 1457 354 LIBER
1493 301 1595 356 111.
1630 314 1650 321 ”

430 448 635 521 Quum
664 447 845 506 medii
868 466 1058 506 nexus
1084 458 1476 527 extremaeque
1504 450 1735 527 agmina
1761 453 1961 512 caudae

432 527 764 601 Solvuntur,
793 527 1098 603 tardosque
1118 528 1298 593 trahit
1322 529 1483 589 sinus
1510 530 1750 589 ultimus
1779 532 1963 593 orbes.

508 606 620 665 Est
645 606 821 665 etiam
848 606 947 663 ille
975 604 1163 664 malus
1192 607 1453 665 Calabris
1475 609 1534 666 iu
1562 608 1801 667 saltibus
1829 612 2053 688 anguis,
2105 666 2112 673 .

433 684 725 760 Squamea
749 685 1101 761 convolvens
1129 685 1353 743 sublato
1379 696 1610 762 pectore
1638 696 1815 764 terga,

428 764 626 840 Atque
653 763 806 821 notis
832 763 1066 838 longam
1096 765 1429 833 maculosus
1456 766 1769 842 grandibus
1796 766 1989 826 alvum
2011 787 2030 841 ς

432 841 572 916 Qui,
602 842 742 915 dum
772 860 972 899 amnes
998 842 1102 899 ulli
1132 852 1479 920 rumpuntur
1503 844 1777 921 fontibuS,
1806 855 1866 905 et
1891 848 2033 905 dum

429 918 585 978 Vere
614 921 850 979 madent
875 920 991 978 udo
1019 928 1182 979 terrae
1213 941 1280 979 ac
1306 922 1657 998 pluvialibus
1685 926 1909 1001 austris,

432 1001 648 1075 Stagna
676 999 845 1077 colit3
888 999 1141 1075 ripisque
1169 1000 1434 1058 habitans
1464 1001 1560 1059 hic
1590 1002 1849 1079 piscibus
1877 1012 2057 1063 atram

431 1078 737 1154 Improbus
766 1078 1079 1153 ingluviem
1109 1080 1377 1155 ranisque
1405 1079 1744 1157 loquacibus
1772 1083 1986 1159 explet.

428 1156 741 1233 Eostquam
772 1165 977 1215 exusta
1000 1157 1186 1233 paluS,
1216 1166 1500 1233 terraeque
1526 1160 1725 1217 ardore
1754 1160 2082 1238 dehiscunt,

428 1235 645 1294 Exsilit
669 1235 730 1293 in
757 1237 1000 1308 siccum,
1031 1243 1109 1309 et,
1137 1236 1494 1293 flammantia
1518 1237 1740 1294 lumina
1765 1247 2058 1315 torquens,

431 1315 610 1372 Saevit
635 1314 801 1388 agriS,
830 1332 1113 1390 asperque
1140 1314 1254 1386 siti,
1283 1322 1454 1390 atque
1482 1316 1784 1381 exterritus
1811 1326 1976 1376 aestu.

426 1393 526 1473 Ne
554 1394 699 1450 mihi
726 1402 846 1450 tum
876 1392 1080 1449 molles
1109 1392 1218 1449 sub
1246 1393 1382 1450 divo
1409 1412 1646 1471 carpere
1675 1414 1928 1471 somnos,

425 1472 564 1529 Neu
592 1473 759 1529 dorso
775 1472 1026 1528 nemoris
1053 1471 1230 1530 libeat
1248 1473 1502 1548 jacuisse
1529 1491 1632 1549 per
1660 1472 1885 1549 herbas,

429 1551 651 1625 Quum,
679 1550 879 1626 positis
907 1569 1091 1607 novus
1108 1551 1366 1624 exuviiS,
1396 1551 1722 1627 nitidusque
1739 1553 2007 1631 juventa,

425 1628 713 1703 Volvitur,
744 1641 858 1703 aut,
887 1628 1106 1687 catulos
1133 1629 1302 1687 tectis
1330 1638 1427 1687 aut
1453 1646 1562 1687 ova
1589 1630 1939 1708 relinquens,

425 1709 658 1766 Arduus
686 1708 757 1765 ad
784 1708 1072 1779 solem‚.et
1098 1706 1310 1784 linguis
1337 1709 1515 1767 micat
1541 1727 1639 1766 ore
1666 1709 1947 1770 trisulcis!

505 1786 841 1844 Morborum
868 1804 1097 1862 quoque
1125 1793 1181 1843 te
1210 1806 1415 1844 causas
1444 1796 1502 1846 et
1527 1787 1691 1862 signa
1717 1789 1957 1849 docebo.

382 1860 396 1878 “
426 1864 643 1957 Turpis
669 1884 806 1922 oves
832 1872 1016 1924 tentat
1041 1863 1284 1940 scabies,
1312 1865 1414 1923 ubi
1439 1865 1676 1941 frigidus
1703 1866 1888 1926 imber

426 1942 617 2000 Altius
644 1943 716 2000 ad
742 1943 939 2001 vivum
964 1943 1237 2019 persedit,
1268 1951 1327 2001 et
1352 1943 1583 2001 horrida
1605 1963 1754 2002 cano

425 2021 647 2079 Bruma
672 2021 839 2097 gelu;
868 2021 974 2079 ‘vel
1001 2040 1178 2097 quum
1207 2022 1388 2081 tonsis
1415 2022 1607 2080 illotus
1633 2022 1879 2084 adhaesit

429 2099 635 2174 Sudor,
665 2109 724 2159 et
748 2099 955 2159 hirsuti
981 2109 1292 2159 secuerunt
1317 2119 1561 2179 corpora
1583 2120 1807 2179 vepres.

425 2179 715 2237 Dulcibus
735 2179 953 2237 idcirco
974 2179 1170 2237 «fluviis
1197 2198 1381 2271 pecus
1409 2197 1582 2236 omne
1615 2180 1874 2254 magistri

426 2258 820 2328 Perfundunt3
862 2258 1107 2332 udisque
1135 2258 1370 2334 anesin
1397 2257 1620 2332 gurgite
1646 2258 1810 2316 villis-

425 2336 680 2394 Mersatu
691 2357 731 2406 r,
762 2337 1086 2412 missusque
1113 2331 1371 2393 secundo
1399 2334 1602 2393 defluit
1626 2336 1818 2414 amni:

425 2418 548 2473 Aut
573 2424 801 2474 tonsum
826 2415 971 2472 tristi
998 2414 1339 2491 contingunt
1365 2433 1576 2490 corpus
1605 2415 1859 2490 amurca,

426 2492 507 2551 Et
534 2513 766 2570 spumas
793 2494 1045 2551 miscent
1071 2494 1309 2568 argenti,
1338 2494 1584 2569 vivaque
1613 2492 1846 2568 sulfura,

427 2571 728 2649 Idaeasque
754 2572 937 2648 piceS,
967 2581 1026 2629 et
1049 2572 1295 2648 pingues
1321 2572 1580 2648 unguine
1609 2590 1789 2646 cem,

427 2650 799 2727 Scillamque,
829 2649 1231 2726 elleborosque
1253 2670 1473 2727 graveS,
1504 2651 1854 2726 nigrumque
1872 2649 2156 2708 bitumen.

423 2730 486 2787 N
489 2750 563 2786 on
591 2738 784 2787 tamen
811 2729 933 2790 ulla
959 2727 1142 2804 magis
1169 2742 1423 2806 proesens
1441 2729 1675 2787 'fortuna
1699 2728 1959 2786 laborum
1987 2737 2094 2804 est,

427 2804 621 2879 Quam
649 2808 698 2865 si
724 2808 852 2883 quis
880 2808 1027 2865 ferro
1053 2809 1244 2883 potuit
1267 2808 1595 2866 rescindere
1616 2827 1912 2884 summum

425 2886 656 2945 Ulceris
682 2906 780 2944 os:
823 2885 991 2944 alitur
1014 2887 1238 2960 vitium,
1265 2887 1522 2963 vivitque
1550 2886 1818 2961 tegendo,

423 2966 586 3022 Dum
617 2965 872 3024 medicas
900 2965 1173 3024 adhibere
1202 2984 1406 3022 manus
1428 2966 1498 3022 ad
1527 2965 1767 3022 vulnera
1793 2971 1988 3041 pastor

304 3059 315 3070 ⁸
423 3043 710 3118 Abnegat,
740 3052 836 3102 aut
862 3043 1102 3102 meliora
1128 3043 1267 3100 deos
1295 3045 1461 3102 sedet
1484 3044 1679 3101 omina
1702 3061 1969 3120 poscens.

427 3122 589 3191 Quin
616 3122 809 3197 etiam,
837 3122 954 3180 ima
980 3121 1143 3180 dolor
1167 3121 1463 3179 balantum
1488 3122 1685 3198 lapsus
1715 3122 1787 3179 ad
1815 3139 1949 3178 ossa

427 3201 628 3270 Quum
655 3200 807 3274 furit,
839 3208 1010 3276 atque
1039 3208 1193 3258 artus
1221 3200 1549 3275 depascitur
1576 3199 1733 3257 arida
1757 3198 1952 3273 febris,

424 3279 649 3337 Profuit
675 3280 941 3337 incensos
970 3288 1145 3336 aestus
1173 3286 1450 3352 avertere,
1481 3287 1540 3337 et
1565 3278 1716 3335 inter

427 3358 552 3415 Ima
577 3358 743 3416 ferire
763 3358 927 3434 pedis
954 3358 1253 3425 salientem
1282 3357 1561 3431 sanguine
1588 3374 1817 3427 venam,

424 3436 657 3495 Bisaltae
687 3456 802 3513 quo
830 3455 990 3493 more
1018 3435 1224 3509 solent,
1254 3453 1500 3509 acerque
1530 3433 1811 3507 Gelonus,

427 3516 627 3585 Quum
655 3514 802 3590 fugit
827 3515 886 3572 in
928 3514 1279 3590 Rhodopen,
1309 3520 1485 3588 atque
1513 3512 1570 3569 in
1602 3512 1827 3569 deserta
1852 3509 2150 3587 Getarum,

424 3595 506 3653 Et
531 3594 620 3652 lac
648 3602 984 3652 concretum
1012 3611 1146 3651 cum
1175 3591 1458 3668 sanguine
1486 3598 1645 3667 potat
1670 3589 1901 3666 equino.

504 3673 700 3742 Quam
727 3672 927 3749 procul
958 3679 1058 3730 aut
1084 3671 1243 3729 molli
1270 3670 1583 3742 succedere
1611 3666 1823 3747 saepius
1850 3667 2071 3725 umbrae

423 3750 675 3825 Videris,
707 3759 807 3807 aut
832 3767 1086 3807 summas
1113 3757 1448 3827 carpentem
1475 3746 1738 3822 ignavius
1765 3746 1995 3819 herbas,

426 3829 888 3907 Extremamque
915 3828 1101 3905 sequi,
1131 3835 1231 3888 aut
1255 3828 1448 3886 medio
1475 3826 1862 3907 procumbere
1888 3841 2097 3899 campo

2266 1012 2382 1067 430

2268 1403 2382 1458 433

2266 3355 2398 3414 460.

2269 3742 2386 3799 465
