2717 4300
1197 302 1431 362 LIBER
1466 304 1540 366 X·
2247 308 2352 380 881

392 445 511 507 Per
535 450 789 510 tunicam
816 452 1178 528 squalentem
1204 472 1364 528 auro,
1390 453 1540 512 latus
1558 453 1753 514 haurit
1778 463 2057 533 apertum.

396 527 541 586 Inde
569 528 792 587 Lichan
821 530 968 605 ferit,
994 542 1298 589 exsectum
1318 533 1445 608 jam
1467 540 1652 597 matre
1720 534 1725 538 ’
1756 535 1997 612 remptd,
2239 539 2355 593 315

395 606 476 663 Et
500 607 624 679 tibi,
654 606 897 684 Phoebe,
924 627 1168 683 sacrum,
1197 627 1367 668 casus
1396 609 1644 667 evadere
1695 611 1828 678 erri
2195 641 2201 646 ·

395 681 570 755 Quod
596 684 980 763 lieuitparvo.
1062 687 1198 748 Nec
1222 684 1396 762 longe
1426 686 1633 753 Cissea
1656 688 1884 765 durum,

395 762 833 841 Immanemque
861 765 1051 841 Gyan,
1080 773 1403 824 sternentes
1430 765 1660 840 agmina
1683 765 1868 843 clavi,

392 840 629 919 Dejecit
652 841 786 903 leto.
868 842 1040 902 Nihil
1066 843 1196 901 illos
1223 843 1499 901 Herculis
1526 862 1702 918 arma,
1737 903 1744 910 ,

392 919 523 978 Nec
548 919 756 978 validae
773 919 982 998 juvere
1009 938 1249 998 manus,-
1261 921 1602 998 genitorque
1629 921 1984 1000 Melampus,
2238 927 2354 983 32⁰

391 998 613 1058 Alcidae
641 1016 839 1057 comes
862 1018 1052 1076 usque
1079 1018 1283 1076 graves
1310 999 1453 1058 dum
1478 1008 1630 1058 terra
1653 999 1880 1062 labores
2053 1041 2056 1044 -

391 1075 666 1134 Praebuit.
748 1076 910 1135 Ecce
937 1078 1148 1154 Pharo,
1174 1096 1350 1135 voces
1377 1077 1515 1136 dum
1535 1079 1719 1155 jactat
1740 1078 1973 1156 inertes,

394 1153 736 1231 Intorquens
746 1156 1018 1233 jaculum
1045 1153 1314 1222 clamanti
1341 1156 1491 1218 sistit
1514 1156 1576 1214 in
1604 1175 1721 1230 ore.
1889 1199 1898 1206 a

392 1232 485 1290 Tu
514 1252 762 1311 quoque,
789 1234 1097 1293 flaventem
1123 1234 1307 1312 prima
1331 1233 1606 1311 lanugine
1633 1233 1813 1294 malas

391 1310 552 1368 Dum
578 1312 835 1387 sequeris
861 1312 1122 1388 Clytium
1149 1312 1374 1388 infelix,
1401 1330 1553 1371 nova
1576 1312 1804 1389 gaudia,
1832 1312 2061 1392 cydon,
2235 1318 2353 1373 325

391 1388 686 1447 Dardania
713 1398 920 1449 stratus
949 1391 1171 1465 dextra,
1199 1409 1435 1452 securus
1462 1410 1741 1465 amorum,
1963 1405 1974 1410 ⁴
2341 1429 2348 1438 ·
2379 1422 2387 1430 ·

393 1467 512 1538 Qui
530 1470 817 1548 juvenum
846 1465 950 1530 tibi
976 1487 1206 1545 semper
1233 1477 1413 1544 erant,
1442 1469 1786 1546 miserande,
1804 1470 2053 1563 jaceres,
2129 1497 2138 1508 κ

390 1546 472 1604 Ni
499 1546 733 1605 fratrum
761 1548 968 1625 stipata
993 1547 1200 1607 cohors
1225 1548 1373 1606 foret
1397 1547 1587 1623 obvia,
1615 1545 1828 1607 Phorci

388 1624 738 1701 Progenies3
781 1634 1004 1703 septem
1031 1634 1652 1703 numerff‘septenaque
1677 1625 1795 1685 tela
1907 1649 1916 1652 *

390 1703 758 1782 Conjiciunt:
800 1704 1196 1782 partim-galea
1224 1705 1543 1782 clypeoque
1570 1705 1847 1776 resultant
2235 1709 2353 1765 830

392 1781 592 1856 Irrita3
636 1782 877 1862 deflexit
940 1783 1105 1841 artim
1126 1782 1469 1860 stringentia
1493 1802 1712 1860 corpus-

387 1860 564 1918 Alma
588 1860 812 1919 Venus.
882 1919 891 1926 ,
947 1861 1108 1919 idum
1134 1860 1358 1922 AEneas
1387 1860 1593 1920 affatur
1617 1860 1917 1920 Achaten:
1942 1897 1950 1922 ;

391 1939 648 2015 Suggere
674 1938 793 1998 tela
815 1939 981 2014 mihi,
1000 1958 1126 1997 non
1150 1937 1335 1997 ullum
1364 1940 1603 1998 dextera
1626 1939 1833 1998 frustra

389 2018 647 2077 Torserit
668 2018 731 2076 in
756 2018 1028 2093 Rutulos,
1055 2025 1502 2100 steteruntquae
1520 2018 1582 2076 in
1609 2037 1846 2096 corpore
1876 2016 2116 2084 Graium

391 2096 581 2156 Iliacis
596 2096 854 2174 campise
919 2096 1075 2156 Tum
1103 2115 1372 2173 magnam
1390 2096 1623 2174 corripit
1648 2097 1891 2174 hastam,
2070 2147 2076 2157 ,
2230 2099 2349 2156 335

388 2176 472 2235 Et
487 2176 667 2255 jacit:
710 2175 811 2234 illa
834 2175 1036 2233 volans
1061 2175 1252 2252 clypei
1278 2176 1699 2235 transverberat
1723 2195 1838 2234 aera
2247 2213 2257 2231 ,

388 2254 657 2330 Maeonis,
686 2263 748 2313 et
770 2254 1005 2313 thoraca
1029 2253 1202 2317 simul
1228 2272 1367 2319 cum
1392 2261 1625 2331 pectore
1650 2253 1881 2330 rumpit.

389 2334 548 2393 Huic
574 2334 744 2393 frater
769 2332 923 2391 subit
948 2332 1218 2408 Alcanor,
1245 2331 1589 2409 fratremque
1616 2338 1881 2391 ruentem

392 2402 685 2473 sustentat
709 2411 946 2473 dextri:
987 2412 1223 2489 trajecto
1249 2410 1429 2497 qim
1452 2410 1669 2469 lacerto
1887 2447 1893 2453 -
2027 2444 2034 2449 -
2275 2471 2282 2483 ,

389 2487 656 2549 Protinus
682 2490 846 2549 has'ta
869 2489 1034 2565 fugit,
1062 2497 1364 2566 servatque
1390 2496 1631 2549 cruenta
1655 2497 1952 2561 tenorem3
1983 2548 1988 2551 ,
2229 2491 2347 2546 uo

388 2569 759 2645 Dexteraque
786 2587 862 2627 ex
886 2568 1129 2648 humero
1155 2567 1347 2627 nervis
1374 2566 1724 2637 moribunda
1739 2566 2036 2644 pependit.

389 2648 544 2705 Tum
571 2645 862 2722 Numitor,
882 2646 1079 2725 jaculo
1105 2645 1291 2715 fratris
1317 2646 1394 2705 de
1421 2660 1658 2725 corpore
1685 2653 1867 2724 rapto,
2086 2670 2092 2676 ·

388 2726 620 2800 AEnean
646 2726 848 2803 petiit3
890 2725 994 2784 sed
1021 2744 1141 2786 non
1165 2729 1226 2785 et
1250 2726 1428 2801 figere
1455 2721 1656 2786 οοιιὲτὲ

389 2804 500 2861 Est
523 2803 762 2879 licitum,
791 2804 1101 2879 magnique
1126 2803 1314 2871 femur
1337 2803 1672 2882 perstrinxit
1697 2801 1960 2862 Achate.
2032 2826 2038 2833 ·
2071 2838 2076 2843 ·

390 2880 508 2939 Hic
537 2881 809 2955 Curibus,
835 2881 1023 2939 fidens
1049 2881 1324 2956 primaevo
1351 2900 1611 2959 corpore,
1640 2881 1890 2941 Clausus
2229 2884 2346 2938 84⁸

388 2961 660 3036 Advenit,
690 2966 750 3017 et
775 2957 958 3035 rigida
984 2957 1260 3035 Dryopen
1287 2958 1420 3018 serit
1444 2960 1671 3019 eminus
1696 2958 1863 3018 hasti
1907 2993 1912 2997 -
2389 3004 2393 3009 .

390 3037 510 3096 Sub
539 3047 820 3113 mentum,
847 3035 1099 3113 graviter
1117 3035 1686 3114 pressa,.pariterque
1712 3036 2002 3114 loquentis

388 3116 614 3175 Vocem
643 3117 1010 3192 animamque
1037 3114 1206 3190 rapit,
1233 3117 1474 3192 trajecto
1485 3123 1727 3193 'gutture
1749 3135 1765 3173 t
1808 3124 1867 3174 at
1890 3114 1991 3173 ille

387 3195 604 3254 Fronte
631 3195 761 3253 ferit
784 3203 1013 3267 terram,
1045 3200 1106 3252 et
1122 3211 1384 3250 ‘crassum
1410 3194 1593 3252 vomit
1609 3211 1716 3253 ore
1741 3210 2022 3251 eruorem.
2209 3234 2218 3239 ,

388 3274 535 3331 Tres
563 3291 790 3350 quoque
816 3272 1141 3346 Threicios,
1170 3270 1378 3335 Boreae
1405 3270 1477 3330 de
1503 3280 1678 3348 gente
1705 3269 1995 3363 supremi,
2071 3278 2076 3287 '
2232 3273 2350 3331 350

388 3351 472 3410 Et
497 3360 630 3427 tres,
659 3370 804 3427 quos
830 3351 966 3409 Idas
991 3358 1155 3428 pater
1180 3357 1241 3409 et
1264 3349 1450 3426 patria
1476 3350 1695 3409 Ismara
1719 3349 1913 3424 mittit,
2285 3357 2292 3359 ⁴

387 3430 504 3488 Per
529 3431 726 3489 varios
742 3429 951 3491 sternit·
967 3445 1161 3488 casus.
1200 3485 1209 3490 ,
1244 3428 1514 3501 Accurrit
1538 3428 1813 3500 Halesum

395 3511 794 3585 Auruncaeque
821 3526 1071 3580 manus-3
1110 3505 1266 3566 subit
1291 3514 1351 3564 et
1376 3505 1680 3583 Neptunia
1702 3503 1914 3581 proles,

390 3587 641 3664 Insignis
667 3587 976 3662 Messapus
1001 3585 1205 3662 equis:
1248 3604 1282 3643 e
1368 3584 1544 3642 ellere
1571 3584 1818 3642 tendunt
2047 3652 2051 3656 Α
2195 3638 2200 3641 ,

388 3665 450 3727 N
453 3685 567 3724 unc
592 3664 676 3741 hi,
704 3683 859 3723 nunc
885 3664 1007 3722 illi:
1049 3672 1301 3724 certatur
1348 3663 1528 3723 imine
1554 3663 1615 3720 in
1633 3664 1769 3739 ipso
1944 3682 1952 3687 ·
2224 3664 2350 3719 ³65

387 3743 682 3818 Ausoniae.
765 3743 984 3817 Magno
1011 3742 1304 3801 discordes
1324 3741 1547 3800 oethere
1571 3741 1733 3801 venti
1767 3786 1774 3792 .
2005 3760 2012 3769 ·

388 3824 601 3883 Praelia
625 3841 736 3881 eeu
762 3820 989 3895 tollunt,
1017 3822 1224 3880 animis
1249 3829 1315 3880 et
1333 3818 1552 3880 viribus
1579 3820 1797 3898 aequis:
