2717 4300
1212 268 1444 343 111„ssssss
1482 275 1585 343 m.
2309 284 2388 345 D

416 424 536 486 Per
560 423 772 485 silvas:
814 431 941 499 tum
964 442 1155 484 saevus
1182 444 1343 503 aper,
1372 434 1495 489 tum
1519 425 1776 504 pessima
1800 425 1999 504 tigris:

422 505 593 563 Heu!
637 500 789 562 male
818 512 941 562 tum
970 503 1171 580 Libyae
1200 505 1335 565 solis
1364 513 1580 564 erratur
1606 505 1665 562 in
1697 506 1865 581 agris.

420 583 485 642 N
487 601 638 641 onne
663 583 831 655 vides
853 590 918 641 ut
943 589 1063 641 tota
1089 592 1300 641 tremor
1324 591 1612 660 pertentet
1637 603 1922 661 equorum
2262 592 2383 649 250

421 663 698 740 Corpora,
725 662 776 718 si
801 657 1023 733 tantum
1052 669 1214 720 notas
1242 658 1384 720 odor
1409 663 1597 729 attulit
1622 664 1829 721 auras?

423 746 516 799 Ac
544 758 733 817 neque
752 740 861 817 ‘eos
877 741 1004 818 Jam
1030 739 1213 798 fraena
1236 740 1442 816 virum,
1470 760 1660 819 neque
1687 740 1928 800 verbera
1953 760 2129 818 seva,

423 819 563 878 Non
591 818 831 895 scopuli,
861 836 1149 894 rupesque
1177 838 1358 894 cavae,
1389 827 1561 895 atque
1590 819 1819 898 objecta
1842 821 2132 883 retardant

424 897 698 956 Flumina
721 905 1015 974 correptos
1042 898 1198 955 unda
1225 898 1549 974 torquentia
1574 907 1818 957 montes·

427 977 560 1052 Ipse
588 975 699 1033 ruit
725 976 1042 1051 dentesque
1073 975 1396 1034 Sabellicus
1423 976 1659 1035 exacuit
1683 996 1800 1053 sus,
2262 982 2380 1040 2⁶⁵

427 1055 508 1115 Et
530 1054 682 1131 pede
707 1053 1027 1131 prosubigit
1051 1063 1279 1130 terram,
1306 1054 1473 1113 fricat
1497 1054 1698 1113 arbore
1726 1063 1933 1132 costas,

424 1136 619 1209 Atque
647 1131 784 1190 hinc
814 1141 983 1209 atque
1009 1133 1171 1191 illinc
1199 1132 1472 1193 humeros
1501 1134 1572 1192 ad
1598 1134 1840 1192 vulnera
1867 1135 2048 1195 durat.

508 1210 666 1282 Quid
685 1212 922 1290 juvenis
950 1231 1223 1287 magnum
1250 1212 1346 1269 cui
1374 1220 1563 1270 versat
1588 1211 1647 1269 in
1677 1212 1902 1271 ossibus
1928 1213 2127 1290 ignem

430 1290 622 1347 Durus
649 1292 846 1348 amor?
888 1302 1105 1366 'nempe
1132 1288 1389 1366 abruptis
1415 1290 1640 1349 turbata
1662 1291 1933 1367 procellis

427 1369 619 1427 Nocte
646 1376 802 1427 natat
828 1368 990 1426 caeca
1018 1387 1178 1429 serus
1204 1367 1382 1433 freta:
1424 1386 1599 1446 quem
1627 1387 1800 1445 super
1825 1369 2030 1445 ingens
2264 1376 2382 1433 260

426 1445 604 1509 Porta
628 1455 786 1505 tonat
813 1447 964 1523 coeli,
993 1456 1053 1505 et
1079 1446 1330 1523 scopulis
1357 1446 1510 1509 illisa
1536 1447 1852 1516 reclamant

413 1527 726 1603 ‘AEquora3
769 1544 878 1583 nec
906 1525 1100 1589 miseri
1125 1534 1369 1602 possunt
1394 1545 1664 1584 revocare
1690 1535 1978 1603 parentes,

425 1604 489 1664 N
491 1624 560 1663 ec
585 1605 859 1675 moritura
883 1623 1057 1680 super
1083 1604 1305 1662 crudeli
1331 1604 1548 1663 funere·
1559 1605 1740 1681 virgo.

508 1683 668 1754 Quid
696 1682 893 1759 lynces
920 1683 1142 1741 Bacchi
1169 1683 1361 1758 variae,
1392 1691 1450 1743 et
1475 1702 1659 1759 genus
1687 1703 1819 1742 acre
1846 1684 2134 1761 luporum,

426 1763 626 1839 Atque
653 1780 862 1831 canum
885 1763 908 1818 ?
950 1762 1110 1838 qnid,
1139 1781 1268 1838 quae
1297 1761 1564 1820 imbelles
1592 1763 1730 1821 dant
1753 1762 1959 1840 proelia
1983 1763 2184 1823 cervi?
2264 1768 2384 1825 265

428 1841 668 1910 Scilicet
694 1849 825 1898 ante
854 1859 1053 1901 omnes
1081 1840 1236 1900 furor
1261 1849 1349 1899 est
1376 1841 1618 1917 insignis
1645 1860 1924 1918 equarum
1947 1861 1963 1898 t

428 1920 510 1978 Et
536 1928 790 1977 mentem
814 1918 1022 1979 Venus
1048 1919 1181 1996 ipsa,
1200 1920 1377 1994 dedit,
1405 1938 1521 1995 quo
1550 1928 1809 1997 tempore
1838 1920 2052 1980 Glauci

427 1997 739 2056 Potniades
767 1997 930 2055 malis
957 1997 1217 2056 membra
1242 1996 1615 2075 absumpsere
1641 1999 1948 2076 quadrigae.

431 2076 567 2134 Illas
595 2076 754 2135 ducit
780 2095 937 2145 amor
962 2086 1116 2137 tmns
1146 2077 1416 2153 Gargara,
1438 2085 1707 2154 transque
1735 2087 2037 2137 sonantem

428 2156 782 2228 Ascanium;
824 2165 1102 2233 superant
1128 2166 1375 2229 monteS,
1403 2166 1465 2214 et
1490 2155 1732 2215 flumina
1755 2166 1984 2217 tranant
2000 2178 2015 2191 ·
2265 2160 2385 2216 270

428 2232 838 2331 Continuoque
866 2236 1048 2294 avidis
1076 2234 1178 2292 ubi
1204 2234 1436 2292 subdita
1460 2233 1696 2292 flamma
1719 2235 2008 2312 medullis,

432 2314 587 2372 Vere
614 2332 816 2391 magis,
844 2314 980 2392 quia
1004 2332 1140 2372 vere
1167 2313 1324 2371 calor
1348 2313 1498 2380 redit
1523 2313 1769 2388 ossibus,
1799 2313 1913 2371 illae

430 2393 548 2450 Ore
576 2412 775 2451 omnes
803 2411 984 2459 versae
1014 2393 1074 2450 in
1102 2391 1446 2469 Zephyrum
1475 2399 1628 2470 stant
1652 2391 1891 2469 rupibus
1920 2391 2067 2468 altis,

432 2471 872 2549 Exceptantque
900 2471 1061 2530 leves
1087 2490 1290 2545 auras;
1334 2479 1394 2529 et
1420 2466 1598 2548 saepe,
1629 2471 1755 2529 sine
1781 2471 1917 2530 ullis
2097 2525 2112 2538 ,

428 2550 751 2629 Conjugiis,
779 2559 953 2609 vento
979 2548 1556 2628 gravidoe.(mirabi1e
1584 2550 1741 2608 dictu
1760 2549 1806 2628 !)
2261 2552 2388 2607 275

431 2629 587 2690 Saxa
611 2649 718 2707 per
744 2637 803 2688 et
828 2629 1101 2707 scopulos
1127 2639 1187 2688 et
1212 2631 1515 2707 depressas
1544 2628 1838 2687 convalles

432 2708 780 2786 Diffugiunt,
808 2727 945 2784 non,
975 2708 1155 2783 Eure,
1183 2717 1330 2782 tuoS,
1360 2727 1552 2785 neque
1580 2708 1716 2766 solis
1744 2708 1816 2765 ad
1844 2714 2020 2783 ortus,

432 2787 502 2845 In
532 2788 802 2863 Boream,
832 2787 1224 2864 Caurumque,
1255 2794 1353 2846 ant
1378 2787 1532 2845 unde
1559 2786 1901 2863 nigerrimus
1926 2787 2141 2845 Auster

434 2866 725 2943 Nascitur,
755 2875 817 2932 et
837 2867 1037 2945 pluvio
1064 2867 1359 2925 contristat
1385 2865 1593 2942 frigore
1621 2864 1851 2923 coelum.

433 2942 551 3003 Hic
576 2945 830 3020 demum,
859 2945 1238 3023 hippomanes
1264 2964 1403 3002 vero
1431 2945 1584 3022 quod
1612 2943 1847 3006 nomine
1874 2943 2080 3003 dicunt,
2271 2946 2388 3000 28⁰

429 3023 715 3099 Pastores,
742 3024 959 3090 lentum
989 3022 1241 3084 destillat
1266 3023 1338 3081 ab
1367 3023 1605 3097 inguine
1632 3023 1824 3082 virus:

430 3102 848 3179 HippomaneS,
877 3104 1032 3180 quod
1062 3098 1216 3180 saepe
1246 3101 1413 3162 malae
1440 3099 1634 3178 legere
1662 3120 1948 3177 novercae,

432 3181 910 3260 Miscueruntque
937 3181 1165 3257 hethas,
1195 3189 1254 3239 et
1279 3201 1397 3239 non
1423 3180 1664 3239 innoxia
1687 3181 1880 3239 verba.

433 3259 722 3336 Sed-fugit
748 3262 984 3336 interea,
1013 3261 1157 3335 fugit
1182 3259 1547 3338 irreparabile
1573 3268 1823 3337 tempus,

434 3338 675 3415 Singula
701 3340 840 3398 dum
866 3339 1023 3417 capti
1045 3339 1559 3400 circumvectamur
1587 3358 1798 3398 amore.
2270 3336 2390 3414 285

510 3418 643 3482 Hoc
671 3415 808 3477 satis
836 3419 1123 3485 armentis.
1209 3418 1458 3495 Superat
1481 3437 1614 3495 pars
1640 3418 1817 3475 altera
1841 3433 2016 3493 curae,

432 3497 746 3574 Lanigeros
774 3498 989 3575 agitare
1012 3517 1216 3573 greges
1241 3496 1536 3574 hirtasque
1563 3496 1848 3573 capellas:

432 3574 551 3634 Hic
579 3576 776 3651 labor3
819 3573 958 3635 hinc
984 3576 1217 3636 laudem
1243 3576 1418 3635 fortes
1444 3584 1670 3653 sperate
1697 3575 1908 3640 coloni.

433 3654 564 3714 Nec
593 3661 722 3714 sum
755 3655 932 3714 animi
961 3655 1171 3714 dubius
1198 3654 1390 3714 verbis
1418 3674 1490 3714 ea
1514 3655 1757 3716 vincere.
1774 3673 2048 3732 magnum
2235 3699 2242 3704 .

435 3732 628 3805 Quam
658 3735 750 3803 sit,
780 3744 840 3794 et
865 3734 1122 3809 angustis
1141 3733 1297 3792 hunc
1326 3733 1538 3791 addere
1565 3734 1739 3794 rebus
1764 3734 2061 3793 honorem.
2273 3731 2391 3796 290

434 3813 555 3876 Sed
580 3833 675 3872 me
702 3813 973 3886 Parnassi
998 3814 1225 3874 deserta
1248 3832 1364 3892 per.
1380 3811 1556 3874 ardua
1581 3813 1764 3880 dulcis
