2717 4300
353 389 362 400 .
381 313 493 369 m
1190 309 1555 368 munos

376 459 583 519 Multae
609 458 769 520 illam
792 458 1000 518 frustra
1023 459 1323 536 Tyrrhena
1349 478 1457 535 per
1480 458 1696 536 oppida
1719 466 1933 519 manes

377 537 430 598 Ο
472 536 665 596 tavere
691 556 933 595 nurum:
975 537 1099 594 soli
1125 548 1396 595 contenta
1418 538 1632 611 Diana,

455 624 680 674 ternum
707 615 950 673 telorum
980 623 1041 673 et
1064 616 1405 691 virginitatis
1429 634 1683 674 amorem

378 693 725 751 Intemerata
749 692 908 752 colit.
992 692 1225 751 Vellem
1252 693 1410 751 haud
1436 701 1695 771 correpta
1718 691 1922 753 ruisset

375 771 591 829 Militis
617 770 735 846 tali,
763 779 968 828 conata
992 769 1273 829 lacessere
1301 772 1596 843 Teucros;

375 850 525 908 Cara
551 848 714 922 mihi,
741 849 1132 925 comitumque
1158 850 1305 908 soret
1329 868 1485 907 nunc
1512 867 1630 907 una
1663 868 1938 908 mearum.

379 923 598 984 Verum
628 945 752 1001 age,
781 927 1249 1004 quandoquidem
1276 927 1407 986 sutis
1434 935 1669 1002 urgetur
1692 926 1933 1005 acerbis,
2061 953 2066 958 ·

375 1003 618 1079 Labere,
647 1004 805 1080 Nym
830 1005 945 1079 ba,
971 1005 1128 1082 polo,
1154 1005 1417 1083 finesque
1442 1005 1629 1063 invise
1654 1005 1915 1081 Latinos,

375 1082 580 1140 Tristis
609 1082 706 1140 ubi
731 1082 790 1140 in
812 1091 979 1141 austo
1005 1083 1383 1142 committitur
1408 1084 1603 1141 omine
1628 1101 1840 1160 pugna.

375 1156 526 1217 Haec
553 1178 716 1237 cape,
744 1169 803 1218 et
828 1160 1087 1218 ultricem
1114 1162 1383 1239 pharetra
1408 1163 1682 1238 deprome
1708 1161 2009 1237 sagittam:

375 1237 527 1311 Hac,
555 1239 901 1316 quicumque
926 1258 1150 1297 sacrum
1176 1240 1406 1298 violarit
1429 1240 1668 1298 vulnere
1694 1258 1921 1317 corpus,

373 1315 522 1373 Tros
551 1316 822 1392 Italusve,
851 1316 994 1374 mihi
1020 1317 1232 1394 pariter
1256 1319 1356 1376 det
1381 1318 1660 1394 sanguine
1687 1336 1907 1395 poenas.

372 1391 515 1451 Pdst
541 1413 648 1470 ego
675 1394 829 1453 nube
855 1395 998 1452 cava
1025 1395 1365 1456 miserandae
1393 1415 1601 1473 corpus
1627 1404 1687 1455 et
1706 1415 1863 1454 arma

374 1471 690 1548 Inspoliata
714 1472 894 1530 seram
921 1473 1161 1548 tumulo,
1187 1475 1502 1552 patriaeque
1527 1491 1821 1551 reponam.

372 1548 573 1608 Dixit:
617 1558 674 1608 at
697 1550 798 1608 illa
821 1550 982 1608 leves
1007 1551 1142 1609 coeli
1167 1552 1407 1629 delapsa
1429 1571 1536 1628 per
1560 1569 1727 1611 auras

374 1627 654 1703 Insonuit,
682 1628 846 1704 nigro
872 1628 1227 1686 circumdata
1253 1629 1479 1688 turbine
1504 1641 1728 1707 corpus.

450 1707 532 1764 At
556 1723 762 1766 manus
787 1707 1005 1764 interea
1029 1707 1208 1765 muris
1234 1707 1486 1786 Trojana
1509 1708 1874 1786 propinquat,

372 1782 719 1862 Etruscique
745 1784 943 1859 duces,
971 1784 1342 1863 equitumque
1368 1786 1654 1845 exercitus
1680 1787 1889 1865 omnis,

373 1861 693 1939 Compositi
719 1881 960 1922 numero
986 1863 1049 1921 in
1074 1871 1308 1924 turmas.
1390 1865 1615 1923 Fremit
1638 1883 1870 1943 aequore
1894 1875 2020 1926 toto

374 1939 665 2000 Insultans
691 1941 944 2018 sonipes,
972 1950 1033 2001 et
1056 1945 1268 2019 pressis
1293 1951 1513 2020 pugnat
1535 1943 1799 2020 habenis,

374 2018 511 2077 Huc
537 2018 815 2077 obversus
841 2028 901 2078 et
925 2020 1075 2079 huc:
1118 2029 1240 2079 tum
1268 2018 1383 2079 late
1412 2022 1628 2080 ferreus
1654 2021 1833 2082 hastis

374 2097 588 2158 Horret
613 2116 764 2174 ager,
794 2099 1102 2178 campique
1129 2099 1299 2160 armis
1326 2100 1667 2160 sublimibus
1695 2102 1911 2162 ardent.

258 2198 265 2203 ·
371 2175 504 2235 Nec
530 2196 648 2235 non
675 2178 984 2256 Messapus
1011 2177 1228 2255 contri,
1257 2181 1593 2257 celeresque
1619 2181 1832 2272 Lustni,

374 2254 454 2313 Et
478 2273 614 2314 cum
641 2255 810 2315 fratre
837 2256 1039 2332 Coras,
1067 2266 1126 2317 et
1144 2258 1382 2334 virginis
1408 2257 1499 2316 ala
1525 2259 1809 2334 Gammae,

371 2335 617 2395 Adversi
638 2354 843 2413 campo
869 2344 1162 2432 apparent,
1189 2337 1498 2414 hastasque
1525 2338 1775 2397 reductis

369 2411 732 2474 Protendunt
754 2414 926 2490 longe
954 2415 1190 2492 dextris,
1217 2423 1276 2474 et
1301 2415 1525 2493 spicula
1548 2415 1808 2476 vibrant:

370 2490 785 2569 Adventusque
810 2492 1018 2569 virum,
1045 2493 1418 2570 fremitusque
1445 2494 1689 2554 ardescit
1714 2513 2015 2573 equorum.

369 2569 615 2646 Jamque
641 2570 793 2630 intra
806 2572 1031 2648 jactum
1058 2573 1160 2630 teli
1184 2592 1519 2649 progressus
1540 2581 1782 2650 uterque

374 2646 745 2707 Substiterat:
786 2649 976 2707 subito
1002 2660 1309 2726 erumpunt
1332 2651 1604 2724 clamore,
1630 2650 2058 2730 sremenoesque

373 2723 767 2784 Exhortantur
791 2744 989 2802 equos,
1016 2728 1262 2786 fundunt
1286 2728 1458 2786 simul
1482 2728 1740 2808 undique
1767 2730 1884 2789 tela

371 2801 608 2878 Crebra,
635 2804 785 2862 nivis
810 2805 954 2878 ritu3
996 2806 1326 2884 coelumque
1354 2806 1646 2867 obtexitur
1672 2808 1896 2870 umbri.

373 2877 665 2938 Continuo
694 2882 946 2942 adversis
972 2884 1310 2961 Tyrrhenus
1336 2893 1397 2944 et
1423 2905 1555 2945 acer
1579 2889 1877 2948 Aconteus

373 2958 628 3017 Gonnixi
654 2959 949 3020 incurrunt
973 2961 1173 3038 hastis,
1199 2964 1489 3042 primique
1514 2966 1741 3026 ruinam
1859 3000 1866 3005 ·

365 3038 535 3095 Dant
560 3036 750 3095 sonitu
773 3038 1013 3116 ingenti,
1039 3043 1438 3121 perfractaque
1462 3044 1998 3123 quadrupedantum

373 3115 619 3175 Pectora
641 3114 964 3192 pectoribus
990 3131 1282 3198 rumpunt.
1365 3123 1665 3182 Excussus
1684 3125 1979 3182 Aconteus

374 3194 663 3252 Fulminis
688 3194 749 3251 in
776 3212 1014 3272 morem,
1042 3208 1140 3258 aut
1165 3209 1451 3260 tormento
1476 3201 1745 3279 ponderis
1771 3201 1904 3277 acti,

328 3306 353 3329 ο
376 3272 705 3350 Praecipitat
729 3268 923 3348 longe,¹
951 3283 1009 3334 et
1032 3277 1207 3335 vitam
1236 3278 1513 3356 dispergit
1536 3280 1597 3338 in
1624 3297 1805 3338 auras.

374 3349 690 3427 Extemplo
716 3349 954 3409 turbatoe
983 3353 1170 3428 acies;
1210 3358 1478 3436 versique
1504 3358 1698 3416 Latini

375 3426 679 3504 Rejiciunt
700 3447 927 3506 parmas
953 3438 1014 3491 et
1038 3450 1219 3508 equos
1245 3437 1316 3493 ad
1342 3437 1556 3495 moenia
1579 3443 1827 3495 vertunt.

376 3504 564 3563 Troes
591 3515 800 3581 agunt3
841 3507 1108 3586 princeps
1132 3519 1349 3570 turmas
1372 3513 1594 3573 inducit
1617 3513 1845 3591 Asylas.

373 3582 618 3659 Jamque
643 3584 1101 3661 propinquabant
1124 3590 1334 3664 portis3
1377 3609 1682 3669 rursusque
1708 3592 1903 3652 Latini

375 3661 707 3720 Clamorem
732 3661 958 3736 tollunt,
986 3671 1047 3721 et
1070 3664 1268 3723 mollia
1291 3667 1442 3725 colla
1464 3669 1781 3729 reflectunt.

376 3738 462 3797 Hi
487 3738 733 3814 fugiunt,
834 3737 1103 3815 nitusque
1130 3741 1277 3800 datis
1297 3745 1616 3805 referuntur
1638 3747 1901 3808 habenis.

379 3815 584 3890 Qualis
609 3815 711 3874 ubi
735 3756 954 3873 alterno
976 3835 1318 3899 procurrens
1342 3823 1565 3898 gurgite
1589 3835 1801 3903 pontus

2214 1168 2332 1221 590

2217 1545 2332 1610 59'5

2213 1950 2331 2004 600

2211 2343 2329 2398 605

2211 2735 2332 2789 610

2213 3125 2330 3180 615

2211 3519 2332 3573 62⁰
