2717 4300
313 381 424 439 224
1128 382 1493 438 AENEIDOS

313 532 500 593 Tanta
532 533 689 608 mole·
711 532 819 591 viri
847 531 1058 592 turritis
1084 528 1634 610 puppibus'instant.

318 611 837 691 Stuppea·flamma
861 631 1057 685 manu,
1088 611 1334 688 telisque
1364 612 1597 669 volatile
1623 611 1839 669 sermm

317 691 644 768 Spargitur:
689 711 824 748 arva
848 690 1001 748 nova
1025 690 1325 768 Neptunia
1353 691 1514 747 caede
1544 689 1871 758 rubescunt.

314 769 548 845 Regina
573 770 633 827 in
663 770 868 827 mediis
894 769 1077 847 patrio
1107 777 1274 827 vocat
1301 767 1530 844 agmina
1558 769 1758 843 sistro;

313 847 587 906 Necdum
617 848 786 905 etiam
818 847 1079 923 geminos
1107 867 1142 904 a
1168 855 1326 923 tergo
1356 847 1588 924 respicit
1616 867 1852 924 angues.

315 925 822 1002 omnigenumque
850 926 1025 984 desim
1054 935 1324 1002 monstra,
1342 934 1416 984 -et
1441 926 1671 984 latrator
1696 928 1942 1005 Anubis,

315 1004 530 1063 Contra
555 1006 894 1082 Neptunum
925 1013 984 1063 et
1010 1004 1323 1080 Venerem,
1353 1013 1663 1081 contraque
1691 1006 2042 1085 Minervam,

314 1082 463 1141 Tela
487 1092 719 1142 tenent:
764 1084 927 1142 saevit
952 1081 1144 1141 medio
1172 1083 1232 1141 in
1261 1083 1576 1141 certamine
1605 1084 1844 1144 Mavors
1881 1131 1899 1157 ω,

316 1161 569 1221 Caelatus
596 1163 762 1237 ferre,
791 1162 1095 1238 tristesque
1125 1181 1200 1218 ex
1228 1162 1440 1220 aethere
1469 1163 1663 1236 Dirae3
1769 1165 1782 1172 “

313 1240 397 1297 Et
423 1241 601 1299 scissa
628 1242 897 1318 gaudensv
910 1241 1069 1299 vadit
1095 1240 1401 1299 Discordia
1425 1241 1578 1319 palla
1601 1262 1618 1315 ;

315 1318 510 1389 Quam
538 1339 673 1378 cum
702 1320 1018 1395 sanguineo
1047 1317 1304 1395 sequitur
1328 1318 1577 1377 Bellona
1602 1319 1849 1395 fiagello·

314 1398 518 1457 Actius
544 1399 671 1456 haec
699 1402 942 1456 cernens
971 1413 1168 1455 arcum
1196 1398 1535 1457 intendebat
1560 1400 1772 1476 Apollo
1804 1399 1808 1404 ’

315 1478 623 1571 Desuper:
667 1477 856 1535 omnis
883 1496 954 1535 eo
980 1484 1194 1534 terrore
1224 1478 1538 1554 AEgyptuS,
1569 1488 1627 1535 et
1656 1478 1808 1555 Indi,

316 1554 522 1615 Omnis
548 1556 752 1632 Arabs,
783 1572 986 1613 omnes
1008 1554 1312 1617 vertebant
1338 1564 1496 1631 terga
1526 1556 1734 1614 Sabaei.

317 1633 453 1710 Ipsa
477 1633 777 1692 videbatur
801 1633 989 1693 ventis
1017 1633 1214 1709 regina
1239 1634 1456 1691 vocatis

316 1711 468 1771 Vela
495 1714 648 1789 dare,
679 1721 737 1772 et
762 1712 925 1770 laxos
944 1713 1067 1790 jam
1086 1714 1323 1791 jamque
1350 1713 1658 1771 immittere
1687 1714 1871 1773 funes.

317 1790 484 1849 Illam
508 1792 661 1849 inter
687 1792 899 1867 caedes,
927 1790 1240 1867 pallentem
1268 1800 1451 1849 morte
1478 1791 1688 1868 futura,

316 1870 566 1929 Fecerat
591 1870 917 1948 ignipotens
945 1870 1114 1928 undis
1142 1878 1201 1928 et
1228 1869 1445 1947 Iapyge
1472 1870 1633 1928 ferri:

317 1946 534 2007 Contra
563 1957 756 2007 autem
784 1969 991 2024 magno
1022 1957 1356 2007 moerentem
1386 1969 1622 2026 corpore
1651 1949 1879 2027 Nilum,
1954 1944 1966 1956 “

315 2026 793 2105 Pandentemque
820 2028 998 2103 sinus,
1029 2035 1088 2085 et
1112 2028 1232 2086 tota
1259 2036 1421 2086 veste
1449 2029 1753 2086 vocantem

318 2105 646 2165 Caeruleum
676 2107 734 2165 in
763 2107 1046 2183 gremium
1076 2105 1477 2184 latebrosaque
1497 2106 1739 2182 flumina
1763 2108 1976 2183 victos.»

318 2188 397 2244 At
424 2186 638 2262 Caesar,
668 2186 877 2264 triplici
905 2186 1168 2244 invectus
1197 2187 1467 2245 Romana
1494 2187 1784 2264 triumpho

318 2264 387 2321 M
392 2266 561 2341 oenia,
591 2265 681 2323 dis
711 2265 869 2324 Italis
894 2275 1093 2325 votum
1122 2266 1442 2339 immortale
1472 2265 1746 2342 sacrabat,
1824 2259 1840 2277 ³

257 2389 261 2393 .
318 2343 582 2402 Maxima
607 2344 695 2402 ter
720 2353 953 2403 centum
980 2353 1157 2404 totam
1186 2344 1425 2407 delubra
1450 2364 1553 2421 per
1580 2344 1799 2402 urbem.

319 2422 550 2482 Laetitia
576 2423 842 2502 ludisque
869 2424 980 2483 viae
1006 2424 1329 2501 plausuque
1357 2422 1708 2483 fremebant:

320 2499 604 2560 Omnibus
631 2501 692 2560 in
720 2503 949 2580 templis
977 2510 1225 2560 matrum
1249 2502 1476 2577 choruS,
1507 2503 1772 2561 omnibus
1801 2522 1911 2560 arae
1937 2523 1950 2560 ε

319 2582 473 2639 Ante
501 2600 625 2639 aras
652 2589 857 2639 terram
885 2582 1022 2639 caesi
1050 2578 1300 2639 stravere
1319 2580 1578 2658 juvenci.

321 2658 474 2736 Ipse,
505 2660 714 2717 sedens
743 2661 913 2717 niveo
942 2660 1242 2716 candentis
1270 2658 1472 2715 limine
1499 2656 1728 2733 Phoebi,

218 2740 229 2751 '
320 2738 494 2795 Dona
521 2739 881 2813 recognoscit
907 2736 1272 2815 populorum,
1302 2745 1570 2814 aptatque
1594 2736 1856 2814 superbis

319 2816 589 2874 Postibus
613 2836 629 2875 ε
669 2816 947 2874 incedunt
972 2815 1139 2873 victae
1169 2815 1340 2891 longo
1371 2815 1570 2873 ordine
1599 2824 1820 2893 gentes,

280 2938 286 2943 .
322 2893 518 2966 Quam
545 2895 718 2954 variae
744 2894 975 2971 lingum,
998 2894 1200 2953 habitu
1228 2902 1344 2953 tam
1371 2895 1550 2953 vestis
1578 2904 1636 2953 et
1664 2896 1851 2954 armis.

323 2973 440 3032 Hic
468 2973 803 3033 Nomadum
834 2993 1018 3051 genus
1046 2983 1107 3033 et
1133 2974 1446 3032 discinctos
1473 2974 1768 3053 Mulciber
1795 2975 1985 3052 Afros,

322 3051 441 3111 Hic
469 3054 734 3129 Lelegas,
764 3054 1077 3131 Carasque,
1104 3052 1562 3130 sagittiferosque
1594 3054 1868 3129 Gelonm,

322 3132 621 3190 Finxerat.
668 3176 669 3183 κ
706 3132 1038 3210 Euphrates
1065 3132 1185 3191 ibat
1202 3134 1326 3211 jam
1355 3134 1581 3191 mollior
1606 3133 1795 3206 undiS,

322 3210 703 3288 Extremique
729 3211 1030 3269 hominum
1059 3210 1296 3285 Morini,
1325 3211 1688 3288 Rhenusque
1714 3209 1985 3287 bicornis,

324 3289 713 3367 Indomitique
741 3290 949 3366 Dahae,
979 3298 1038 3349 et
1062 3298 1300 3367 pontem
1328 3289 1656 3366 indignatus
1682 3290 1923 3346 Araxes.

324 3368 492 3426 Talia
517 3388 622 3446 per
646 3369 915 3447 clypeum
945 3368 1215 3429 Vulcani.
1245 3368 1398 3426 dona
1422 3367 1691 3446 parentis,
1787 3431 1797 3439 ,

324 3446 587 3523 Miratur,
616 3467 921 3527 rerumque
948 3468 1178 3524 ignarus
1205 3447 1456 3523 imagine
1482 3447 1711 3523 gaudet,

324 3524 611 3585 Attollens
637 3527 880 3586 humero
906 3526 1232 3605 famamque
1261 3535 1321 3585 et
1346 3526 1459 3584 fata
1485 3532 1782 3603 nepotum.

2172 697 2283 755 895
2328 762 2333 767 ,

2166 1090 2280 1145 700

2168 1483 2282 1538 705

2168 1877 2282 1932 710

2069 2267 2074 2272 ’
2170 2270 2284 2326 ’715

2169 2664 2285 2720 720

2172 3057 2287 3112 725
2337 3052 2344 3057 ’

2172 3450 2287 3505 730
