2717 4300
337 327 447 387 2oe
1147 321 1510 398 AEnnmos

340 477 461 538 Olli
486 498 594 555 per
618 476 843 555 galeam
869 478 988 537 fixo
1016 478 1172 537 stetit
1196 477 1364 536 hasta
1388 477 1643 535 cerebro.

339 558 602 616 Dextera
628 576 737 616 nec
764 567 868 616 tua
890 565 968 632 te,
999 556 1238 614 Graium
1264 556 1593 631 fortissime,
1620 556 1859 632 Creten,

339 634 577 713 Eripuit
602 635 820 694 Turno.
901 635 1034 693 Nec
1060 633 1120 692 di
1147 632 1348 692 texere
1376 634 1741 710 Cupencum,

337 714 537 772 AEned
562 714 854 788 veniente,
882 713 971 770 sui
994 732 1009 770 t
1052 713 1213 770 dedit
1237 711 1411 770 obvia
1433 712 1582 770 ferro

310 843 323 858 s
339 790 623 865 Pectora3
665 810 775 849 nec
801 791 1011 856 misero
1038 790 1232 867 clypei
1258 808 1418 847 mora
1441 789 1655 868 profuit
1679 790 1835 847 terei.

292 889 299 896 ’
340 869 431 927 Te
458 888 687 948 quoque
714 869 1344 942 Laurentesviderunt,
1371 868 1569 943 AEole,
1597 868 1782 938 campi

340 947 654 1026 Oppetere,
684 956 744 1006 et
767 944 881 1005 late
910 956 1117 1006 terram
1145 954 1512 1004 consternere
1539 954 1738 1022 tergo:

340 1024 597 1101 Occidis,
624 1027 857 1103 Argivae
883 1044 1055 1103 quem
1084 1044 1201 1086 non
1228 1022 1473 1102 potuere
1498 1024 1816 1102 phalanges

342 1103 768 1180 Sternere,·nec
795 1104 1011 1173 Priami
1037 1121 1346 1179 regnorum
1376 1121 1606 1160 eversor
1629 1102 1891 1161 Achilles
1912 1120 1931 1176 3

339 1181 460 1240 Hic
487 1182 592 1241 tibi
620 1183 816 1242 mortis
842 1192 1006 1241 erant
1029 1190 1237 1239 metae:
1280 1181 1491 1238 domus
1518 1180 1633 1239 alta
1650 1179 1764 1238 vsub
1794 1181 1920 1256 Ida,
1949 1217 1956 1224 -

340 1261 615 1337 Lyrnessi
642 1262 846 1319 domus
873 1260 988 1319 alta
1006 1279 1033 1333 ς,
1067 1259 1190 1325 solo
1218 1259 1506 1317 Laurente
1534 1258 1878 1336 sepulcrum.

341 1338 509 1398 Totae
539 1336 685 1398 adeo
713 1358 1006 1398 conversae
1034 1338 1207 1412 acieS,
1234 1355 1552 1414 omnesque
1577 1337 1791 1412 Latini,
1819 1371 1824 1384 ·

343 1416 564 1476 Omnes
589 1419 961 1491 Dardanidae,
990 1415 1356 1490 Mnestheus,
1390 1434 1636 1492 acerque
1665 1415 1951 1489 Serestus,

341 1495 424 1555 Et
451 1497 760 1574 Messapus
787 1495 1001 1571 equum
1030 1493 1293 1569 domitor,
1322 1503 1383 1553 et
1408 1494 1567 1552 sortis
1595 1493 1821 1571 Asylas,

342 1573 785 1667 Tuscorumque
810 1574 1088 1652 phalanx,
1117 1572 1495 1650 Evandrique
1522 1572 1779 1632 Arcades
1807 1571 1953 1631 alaet

340 1651 456 1711 Pro
484 1671 547 1711 se
574 1671 817 1730 qulsque
843 1651 952 1709 viri
978 1650 1204 1712 summa
1229 1651 1491 1709 nituntur
1516 1668 1693 1742 opum
1721 1650 1799 1708 vi.

340 1730 404 1789 N
406 1749 472 1789 ec
502 1750 678 1807 mora,
704 1748 815 1789 nec
841 1728 1109 1806 requies:
1150 1735 1313 1787 vasto
1339 1736 1654 1787 certamme
1681 1729 1943 1788 tendunt.

419 1807 540 1867 Hic
568 1816 822 1868 mentem
849 1808 1061 1866 AEneae
1088 1806 1351 1883 genetrix
1377 1805 1766 1885 pulcherrima
1790 1806 1950 1867 misit

342 1885 461 1946 Iret
486 1896 552 1947 ut
578 1888 650 1945 ad
678 1906 891 1962 mum
918 1885 1163 1962 urbique
1190 1885 1513 1945 adverteret
1537 1904 1746 1963 agmen

343 1963 544 2042 Ocius,
571 1974 632 2025 et
656 1966 846 2025 subita
870 1964 1126 2023 turbaret
1149 1962 1314 2022 clade
1339 1964 1597 2024 Latinos.

343 2044 472 2120 Ille,
500 2054 582 2121 ut,
611 2044 899 2121 vestigans
926 2044 1154 2102 diversa
1175 2061 1282 2121 per
1307 2042 1538 2120 agmina
1564 2042 1853 2118 Turnum,

342 2123 480 2182 Huc
507 2133 681 2202 atque
707 2123 826 2182 huc
851 2122 1009 2182 acies
1035 2121 1404 2198 circumtulit,
1433 2122 1678 2203 adspicit
1700 2121 1903 2182 urbem

343 2203 670 2263 Immunem
696 2202 839 2262 tanti
864 2201 1005 2260 belli
1032 2209 1204 2280 atque
1228 2202 1470 2281 impune
1499 2202 1774 2280 quietam.

342 2278 636 2341 Continuo
661 2298 875 2360 pugnae.
902 2280 1170 2340 accendit
1194 2281 1428 2361 majoris
1453 2281 1664 2358 imago.

343 2361 675 2436 Mnesthea,
707 2360 1155 2438 Sergestumque
1179 2368 1371 2436 vocat,
1398 2360 1722 2436 sortemque
1752 2358 2069 2434 Seruum,

344 2439 668 2514 Ductores;
709 2440 1110 2517 tumulumque
1136 2439 1308 2516 capit,
1337 2435 1453 2516 quo
1480 2448 1691 2498 caetera
1716 2436 2013 2496 Teucrum

345 2518 651 2577 Concurrit
675 2519 827 2596 legio
848 2538 865 2592 3
907 2536 1019 2576 nee
1046 2524 1209 2576 scuta
1234 2524 1335 2575 aut
1360 2515 1586 2594 spicula
1611 2516 1777 2575 densi

345 2596 682 2674 Deponunt.
764 2596 941 2656 Celso
969 2596 1195 2654 medius
1222 2604 1380 2653 stans
1409 2601 1616 2671 aggere
1642 2594 1827 2652 satur:

344 2674 408 2734 N
409 2694 558 2753 equa
584 2675 729 2733 meis
755 2682 876 2732 esto
904 2673 1072 2732 dictis
1098 2692 1257 2731 mora
1278 2684 1299 2729 τ’
1333 2671 1560 2749 Jupiter
1584 2671 1696 2730 hac
1723 2680 1872 2732 stat:

344 2752 483 2812 Neu
510 2753 638 2830 quis
665 2751 738 2809 ob
766 2753 1062 2829 inceptum
1090 2750 1344 2809 subitum
1372 2750 1516 2810 mihi
1542 2750 1773 2826 segnior
1795 2752 1895 2810 ito.

345 2830 569 2891 Urbem
597 2830 790 2905 bodie,
818 2848 1051 2887 causam
1079 2828 1238 2904 belli,
1266 2847 1445 2905 regna
1468 2830 1595 2908 ipsa
1619 2830 1834 2907 Latini,

344 2909 408 2969 N
409 2910 429 2968 i
456 2910 699 2968 sraenum
727 2907 988 2985 accipere
1016 2916 1076 2968 et
1102 2907 1239 2967 vieti
1263 2926 1464 2985 parere
1490 2910 1756 2986 fatentur,

345 2987 586 3062 Eruam,
615 2996 675 3046 et
700 3006 869 3064 aequa
893 2987 1017 3046 solo
1044 2987 1321 3046 fumantia
1347 2987 1601 3047 culmina
1627 3008 1859 3067 ponam.

348 3066 584 3125 Scilicet
608 3074 939 3144 exspectem
965 3064 1144 3124 libeat
1168 3065 1307 3124 dum
1335 3067 1539 3144 proelia
1564 3068 1767 3126 Turno

344 3145 409 3208 N
409 3144 562 3205 'ostra
584 3145 723 3224 pati,
751 3163 1057 3222 rursusque
1082 3144 1225 3204 velit
1246 3163 1590 3204 concurrere
1616 3147 1849 3204 victus?

345 3224 481 3283 Hoc
506 3232 699 3301 caput,
727 3242 763 3281 o
788 3223 969 3319 cives,
992 3223 1122 3282 haee
1145 3223 1286 3282 belli
1312 3243 1543 3283 summa
1566 3224 1819 3282 nefandi.

343 3301 522 3361 Ferte
550 3302 704 3361 faces
729 3321 996 3380 propere,
1025 3302 1323 3380 soedusque
1348 3303 1632 3381 reposcite
1658 3301 1923 3360 flammis.

344 3380 626 3439 Dixerat:
670 3389 841 3458 atque
866 3381 1073 3439 animis
1097 3382 1310 3459 pariter
1333 3380 1684 3441 certantibus
1710 3400 1914 3440 omnes

345 3459 507 3518 Dant
531 3477 804 3536 cuneum,
832 3460 1127 3554 densaque
1153 3461 1226 3519 ad
1252 3479 1448 3518 muros
1475 3458 1628 3518 mole
1656 3458 1932 3519 feruntur.

349 3537 534 3597 Scalae
562 3534 892 3616 improviso,
920 3539 1254 3616 subltusque
1280 3538 1542 3615 apparuit
1566 3537 1735 3612 ignis.

346 3617 692 3676 Discurrunt
717 3617 815 3675 alii
842 3617 915 3674 ad
940 3625 1150 3694 portas,
1219 3615 1506 3692 rimosque
1531 3615 1855 3691 trucidant3

345 3695 592 3755 Ferrum
620 3694 718 3753 alii
743 3702 1030 3769 torquent,
1059 3702 1119 3752 et
1143 3713 1180 3751 o
1218 3693 1488 3752 umbrant
1513 3693 1731 3753 aethera
1753 3696 1903 3755 telis.

349 3773 487 3848 Ipse
512 3773 663 3831 inter
686 3772 902 3849 primos
929 3772 1190 3828 dextram
1218 3770 1325 3829 sub
1354 3772 1566 3830 moenia
1590 3774 1777 3834 tendit

346 3851 590 3925 Encas,
619 3848 942 3925 magnaque
967 3849 1195 3906 incusat
1217 3867 1365 3907 voce
1392 3849 1702 3912 Latinum:

2189 1107 2308 1161 545

2161 2280 2304 2339 -560

2187 3069 2305 3123 5¹⁷0

2190 3462 2308 3516 5⁸⁷5
