2717 4300
1239 351 1553 429 nomos
1588 372 1658 431 v.

456 518 619 600 Ergo
648 518 850 582 alacris
875 522 1052 582 silvas
1079 530 1139 581 et
1164 532 1373 583 caetera
1397 541 1529 582 rura
1552 525 1819 603 voluptas

460 602 734 679 Panaque
758 611 1130 681 pastoresque
1148 611 1336 680 tenet,
1366 604 1744 681 Dryadasque
1769 605 2031 698 puellas3

457 681 520 738 N
523 699 590 739 ee
618 681 789 758 lupus
815 681 1054 740 insidias
1079 683 1296 759 pecori,
1324 701 1434 740 nec
1463 682 1606 742 retia
1631 702 1817 742 cervis

458 760 600 819 Ulla
626 760 823 819 dolum
848 761 1231 819 meditantur:
1276 769 1430 820 amat
1454 760 1642 820 bonus
1670 762 1787 821 otia
1813 761 2102 841 Daphnis.

459 838 581 914 Ipsi
608 839 805 898 laetitia
833 858 1008 898 voces
1036 839 1108 897 ad
1136 840 1327 898 sidera
1341 841 1568 919 jactant

459 915 683 976 Intonsi
710 928 973 992 montes;
1014 919 1155 996 ipsae
1172 921 1297 997 jam
1325 919 1580 976 carmina
1605 938 1796 997 rupes,

460 995 596 1073 Ipsa
621 1005 829 1055 sonant
855 997 1119 1056 arbusta:
1162 1016 1340 1073 nnus,
1371 1015 1528 1055 nnus
1557 1015 1715 1074 run,
1738 1015 2028 1058 namanes
2052 1002 2068 1057 l

540 1075 633 1133 Sis
661 1075 846 1134 bonus
874 1096 909 1134 ο
936 1076 1192 1154 felixque
1219 1077 1334 1134 tuis
1358 1078 1374 1132 l
1418 1094 1491 1134 en
1521 1086 1766 1153 quatuor
1791 1096 1955 1152 aras3

458 1153 620 1212 Ecce
648 1155 790 1212 duas
817 1155 942 1231 tibi,
971 1156 1209 1232 Daphni
1238 1175 1255 1228 3
1298 1155 1460 1229 duas,
1492 1156 1690 1217 altaria
1714 1155 1961 1237 Phoebo·

459 1231 679 1291 Pocula
704 1233 841 1292 bina
864 1253 1017 1293 novo
1044 1234 1372 1311 spumantia
1396 1234 1545 1292 lacte
1572 1235 1879 1310 quotannis

458 1311 839 1389 craterasque
866 1312 984 1370 duo
1012 1321 1256 1373 statuam
1285 1313 1392 1370 tibi
1418 1313 1648 1388 pinguis
1675 1313 1852 1386 olivi;

350 1428 361 1435 ·
458 1391 541 1448 Et
568 1391 746 1449 multo
776 1392 835 1450 in
861 1391 1064 1469 primis
1091 1390 1345 1448 hilarans
1374 1392 1642 1461 convivia
1667 1391 1924 1467 Baccho,

459 1472 614 1529 Ante
642 1471 854 1545 focum,
883 1471 933 1528 si
959 1470 1139 1546 frigus
1166 1469 1293 1545 erit,
1323 1469 1373 1526 si
1400 1470 1625 1545 messiS,
1653 1471 1713 1527 in
1740 1471 1967 1548 umbra,

457 1545 617 1605 Vina
640 1568 855 1607 novum
881 1548 1118 1607 fundam
1145 1547 1387 1607 calathis
1413 1549 1645 1607 Ariusia
1671 1558 1904 1608 nectar:

457 1627 790 1686 Cantabunt
816 1626 960 1685 mihi
989 1629 1288 1686 Damoetas
1317 1636 1377 1685 et
1403 1629 1642 1704 Lyctius
1669 1627 1906 1705 AEgon3

458 1705 744 1765 Saltantes
774 1707 1007 1783 Satyros
1033 1706 1347 1765 imitabitur
1372 1707 1803 1785 AlphesiboeuS.

460 1784 608 1844 Haec
635 1785 741 1844 tibi
768 1804 996 1863 semper
1022 1794 1209 1861 erunt,
1239 1794 1298 1844 et
1323 1806 1501 1862 quum
1529 1787 1812 1845 solemnia
1836 1795 1973 1847 vota

455 1861 794 1923 Reddemus
821 1865 1135 1942 Nymphis,
1164 1875 1224 1923 et
1249 1884 1428 1941 quum
1455 1864 1822 1924 lustrabimus
1850 1885 2033 1943 agros.

455 1940 616 2001 Dum
635 1946 778 2023 juga
805 1944 1016 2003 montis
1043 1963 1199 2021 aper,
1228 1943 1437 2002 fluvios
1463 1944 1602 2003 dum
1627 1944 1803 2022 piscis
1831 1945 2065 2022 amabit,

455 2022 730 2100 Dumque
757 2023 958 2100 thymo
984 2033 1296 2102 pascentur
1321 2042 1481 2101 apes,
1510 2024 1648 2082 dum
1677 2043 1803 2082 rore
1827 2025 2068 2101 cicadae,

457 2099 702 2181 Semper
724 2102 911 2161 honos
937 2121 1266 2180 nomenque
1293 2111 1458 2163 tuum
1484 2103 1802 2181 laudesque
1831 2103 2166 2164 manebunt·

456 2180 803 2241 Ut‘Baccho
833 2182 1169 2259 Cererique,
1196 2182 1302 2241 tibi
1329 2183 1415 2241 sic
1441 2190 1577 2240 vota
1601 2183 1911 2258 quotannis

458 2261 742 2338 Agricolae
768 2260 1021 2319 sacient:
1066 2259 1369 2319 damnabis
1396 2268 1459 2319 tu
1485 2280 1715 2339 quoque
1739 2261 1908 2321 votis.

1314 2399 1563 2440 uorsus.

456 2458 606 2531 Quae
633 2460 758 2537 tibi,
786 2479 916 2538 quae
941 2460 1044 2520 tali
1071 2460 1306 2519 reddam
1332 2479 1437 2538 pro
1466 2459 1720 2519 carmine
1748 2458 1948 2517 dona?

453 2537 610 2597 Nam
640 2559 833 2617 neque
862 2559 956 2598 me
983 2538 1207 2598 tantiim
1232 2539 1521 2598 venientis
1549 2539 1750 2597 sibilus
1779 2537 1975 2615 austri,

453 2616 516 2676 N
519 2637 587 2677 ec
613 2638 886 2696 percussa
902 2620 1112 2698 juvant
1137 2618 1315 2678 fluctu
1342 2627 1461 2678 tam
1486 2618 1695 2693 littora,
1723 2637 1833 2677 nec
1861 2636 1990 2697 quae

457 2696 708 2756 Saxosas
733 2697 884 2758 inter
910 2699 1219 2757 decurrunt
1242 2697 1485 2757 flumina
1509 2698 1710 2756 valles.

455 2893 589 2955 Hac
616 2903 675 2955 te
699 2916 807 2955 nos
832 2896 1019 2973 fragili
1045 2835 1809 2956 donabigtligzlnigscicuta:

455 2974 602 3033 Haec
629 2994 758 3051 nos,
801 2976 839 3009 “
858 2977 1200 3038 Formosum
1229 2976 1504 3053 Corydon
1533 2975 1768 3035 ardebat
1795 2974 2012 3034 Alexin
2033 2972 2098 3033 θ’

456 3053 603 3113 Haec
631 3056 833 3114 eadem
862 3056 1076 3132 docuit,
1120 3056 1159 3090 “
1177 3056 1394 3135 Cujum
1420 3056 1646 3133 pecus?
1688 3074 1762 3113 an
1788 3052 2060 3113 Meliboei
2079 3051 2150 3111 ?’²

455 3218 534 3314 At
560 3260 622 3312 tu
650 3272 815 3312 sume
841 3252 1078 3331 pedum,
1106 3251 1280 3332 quod,
1309 3192 1609 3331 gsspgulisiin
1639 3249 1794 3331 saepe
1824 3257 2071 3327 rogaret,

455 3331 517 3390 N
519 3351 594 3390 on
621 3332 751 3390 tulit
777 3331 1099 3408 Antigenes
1135 3330 1224 3410 (et
1249 3342 1372 3391 erat
1396 3341 1520 3392 tum
1546 3333 1755 3409 dignus
1784 3328 2020 3409 amari),

456 3410 799 3471 Formosum
827 3412 1060 3548 pzaribus
1088 3411 1257 3472 nodis
1285 3419 1457 3491 atque
1485 3431 1618 3487 aere,
1646 3407 1938 3470 Menalca.

2347 1476 2427 1535 70

2343 1868 2423 1935 75

2343 3404 2424 3465 93
