2717 4300
1163 318 1392 373 LIBER
1434 319 1589 376 vm.

406 465 597 542 Atque
623 465 751 541 hos,
780 485 857 523 ne
883 486 999 543 qua
1023 466 1210 542 forent
1233 467 1479 544 pedibus
1506 469 1752 546 vestigia
1777 471 1967 546 rectis,

406 543 610 600 Gauda
636 544 696 601 in
725 544 1057 620 speluncam
1084 554 1310 620 tractos,
1339 546 1634 624 versisque
1661 549 1884 606 viarum

408 620 645 679 Iudiciis
673 631 879 699 raptoS,
909 641 1048 680 saxo
1075 623 1400 682 occultabat
1424 644 1625 701 opaco.

310 748 319 756 „
410 698 705 769 Quaerenti
735 699 891 757 nulla
918 702 989 758 ad
1017 702 1353 778 speluncam
1383 701 1547 778 signa
1571 702 1845 779 ferebant.

409 776 653 852 Interea,
683 798 857 855 quum
875 781 997 857 jam
1027 779 1263 837 stabulis
1290 788 1535 838 saturata
1562 788 1819 839 moveret

409 855 950 934 Amphitryoniades
979 865 1253 932 armenta,
1284 858 1617 935 abitumque
1645 867 1887 939 pararet,

407 933 681 994 Discessu
710 935 933 1009 mugire
959 933 1156 1010 boves,
1187 944 1356 1012 atque
1384 956 1554 994 omne
1582 938 1828 1014 querelis

409 1010 643 1087 Impleri
671 1032 891 1088 nemus,
921 1017 987 1070 et‘
1006 1013 1183 1071 colles
1211 1014 1460 1072 clamore
1487 1016 1749 1093 relinqui.

410 1089 686 1149 Reddidit
711 1109 826 1163 una
849 1090 1027 1148 boum
1054 1110 1275 1166 vocem,
1304 1101 1579 1168 vastoque
1605 1093 1713 1151 sub
1743 1100 1903 1153 antro

409 1168 644 1243 Mugiit,
675 1176 734 1227 et
760 1169 904 1227 Caci
931 1188 1093 1245 spem
1123 1170 1408 1228 custodita
1431 1170 1649 1230 fefellit.
1746 1205 1751 1218 .

409 1244 526 1302 Hic
552 1242 688 1303 vero
716 1247 937 1304 Alcidae
963 1246 1126 1304 furiis
1153 1256 1442 1306 exarserat
1466 1258 1586 1307 atro
1870 1292 1872 1295 ι

408 1323 572 1396 Eelle
599 1324 760 1383 dolor
783 1344 796 1381 ε
840 1324 987 1401 rapit
1012 1344 1170 1382 arma
1194 1344 1387 1401 manu,
1417 1326 1699 1404 nodisque
1726 1332 2020 1403 gravatum

408 1401 628 1476 Robur,
659 1412 717 1460 et
743 1402 963 1460 aetherii
989 1421 1156 1460 cursu
1182 1404 1328 1479 petit
1354 1404 1528 1466 ardua
1553 1404 1781 1463 montis.

409 1478 561 1535 Tum
587 1477 834 1555 primum
861 1480 1043 1538 nostri
1069 1480 1289 1542 Cacum
1316 1479 1516 1539 videre
1543 1482 1860 1557 timentem,

407 1556 844 1634 Turbatumque
870 1559 1068 1617 oculis.
1152 1556 1326 1635 Fugit
1351 1558 1511 1617 ilicet
1535 1560 1694 1631 ocior
1720 1579 1876 1635 euro,

410 1630 871 1712 speluncamque
897 1637 1074 1713 petit:
1114 1637 1361 1713 pedibus
1388 1636 1556 1695 timor
1584 1636 1802 1697 addidit
1827 1637 1963 1696 alas.

408 1713 493 1772 Ut
517 1731 644 1770 sese
669 1714 921 1789 inclusit,
948 1715 1241 1791 ruptisque
1255 1715 1521 1774 ximmane
1548 1716 1766 1774 catenis

407 1791 640 1868 Dejecit
664 1810 888 1866 saxum,
915 1792 1061 1849 ferro
1089 1793 1240 1868 quod
1266 1801 1326 1851 et
1352 1801 1470 1851 arte
1495 1793 1736 1872 paterna

384 1863 1036 2005 ἷίἓὲθὲἷιῖἓῃᾞῗῗὲἓξ
1053 1870 2001 2026 ἕέἲέἓῑῖξῗιῖἒίιῗῗέῃωψ

1611 1993 1627 2024 ,
1730 2007 1736 2012 .

406 2025 723 2082 Accessum
750 2024 1014 2100 lustrans,
1041 2024 1157 2083 huc
1185 2045 1283 2083 ora
1307 2025 1526 2084 serebat
1552 2036 1612 2086 et
1634 2026 1792 2103 illuc,

408 2101 694 2160 Dentibus
719 2101 1069 2166 infrendens.
1153 2102 1272 2161 Ter
1296 2111 1480 2163 totum
1507 2103 1757 2165 fervidus
1782 2104 1868 2163 ira

407 2180 638 2238 Lustrat
661 2181 935 2238 Aventini
965 2189 1256 2254 montem3
1298 2189 1387 2238 ter
1412 2201 1586 2241 saxea
1613 2190 1796 2242 tentat

407 2257 637 2315 Limina
660 2259 1050 2334 nequidquam
1072 2278 1088 2331 ;
1131 2266 1219 2317 ter
1243 2259 1426 2317 fessus
1452 2260 1602 2318 valle
1631 2259 1858 2318 resedit.

410 2335 608 2395 Stabat
634 2345 799 2393 acuta
824 2336 990 2411 silex,
1017 2336 1273 2413 praecisis
1298 2338 1557 2413 undique
1585 2338 1758 2414 saxis,

411 2413 714 2489 Speluncas
743 2415 909 2472 dorso
936 2415 1254 2491 insurgens,
1284 2415 1560 2473 altissima
1582 2415 1730 2491 visu,

407 2491 675 2550 Dirarum
701 2492 852 2569 nidis
880 2493 1081 2550 domus
1108 2494 1767 2570 opportuna'volucrum.

374 2580 383 2587 ·
407 2558 597 2644 Han'c,
624 2577 689 2628 ut
714 2588 889 2647 prona
908 2573 1050 2649 Jugo
1076 2571 1287 2628 laevum
1309 2571 1683 2639 incumbebat
1709 2572 1781 2630 ad
1807 2590 2054 2647 amnem,

407 2647 631 2704 Dexter
655 2648 714 2704 in
744 2648 1043 2707 adversum
1071 2649 1261 2725 nitens
1288 2650 1595 2726 concussit,
1626 2659 1686 2709 et
1708 2650 1841 2709 imis

406 2724 683 2782 Avulsam
710 2725 880 2784 solvit
903 2727 1223 2800 radicibus3
1266 2728 1403 2786 inde
1430 2724 1667 2806 repente

411 2801 665 2879 Impulit,
693 2803 943 2880 impulsu
971 2824 1085 2880 quo
1112 2806 1402 2864 maximus
1429 2807 1657 2864 insonat
1683 2805 1899 2865 aether:

409 2880 729 2939 Dissultant
754 2882 914 2959 ripae,
941 2882 1241 2958 refluitque
1271 2885 1572 2942 exterritus
1601 2884 1801 2942 amnis.

409 2959 490 3016 At
515 2975 718 3034 specus
747 2966 807 3016 et
832 2958 974 3015 Caci
1001 2958 1228 3018 detecta
1253 2961 1512 3038 apparuit
1535 2963 1740 3036 ingens

409 3035 615 3111 Regia,
644 3044 703 3094 et
726 3032 1263 3173 umbrosaeapenitus
1288 3037 1527 3114 patuere
1555 3057 1815 3096 cavernae
1839 3059 1854 3097 t

408 3113 472 3171 N
473 3133 546 3170 on
575 3110 742 3171 secus
769 3133 834 3175 ac
862 3113 911 3171 si
938 3133 1013 3191 qu
1077 3111 1306 3190 penitus
1330 3116 1392 3172 vi
1419 3123 1568 3173 terra
1594 3115 1899 3175 dehiscens

412 3190 670 3249 Infernas
696 3200 910 3250 reseret
937 3192 1124 3266 sedeS,
1155 3200 1212 3251 et
1238 3211 1414 3268 regna
1438 3193 1694 3252 recludat

411 3268 651 3343 Pallida,
681 3268 769 3327 dis
796 3270 999 3345 invisa,
1027 3266 1315 3347 superque
1342 3271 1595 3329 immane
1621 3269 1953 3329 barathrum

411 3347 713 3422 Cernatur,
740 3349 1027 3423 trepident
1053 3348 1310 3405 immisso
1337 3347 1557 3406 lumine
1585 3349 1812 3406 Manes.
1923 3398 1930 3405 ,

411 3424 568 3500 Ergo
595 3425 880 3501 insperata
908 3427 1254 3503 deprensum
1281 3425 1342 3482 in
1369 3426 1500 3484 luce
1528 3422 1788 3502 repente,

412 3502 818 3579 Inclusumque
845 3522 986 3562 cavo
1014 3522 1171 3579 saxo,
1202 3512 1372 3580 atque
1397 3504 1626 3562 insueta
1650 3502 1970 3579 rudentem,

411 3581 684 3658 Desuper
709 3581 943 3640 Alcides
969 3582 1097 3642 telis
1123 3582 1350 3659 premit,
1381 3580 1686 3659 omniaque
1714 3599 1869 3639 arma

411 3659 691 3734 Advocat,
721 3667 779 3717 et
805 3660 975 3718 ramis
1001 3662 1289 3735 vastisque
1316 3659 1625 3718 molaribus
1650 3659 1840 3717 instat.

358 3738 367 3747 '
412 3736 521 3799 Ille
550 3745 760 3810 autem,
788 3754 976 3813 neque
1004 3739 1158 3796 enim
1185 3739 1321 3815 suga
1337 3742 1460 3816 jam
1490 3734 1663 3815 super
1687 3737 1806 3797 ulla
1828 3736 2049 3816 pericli,

413 3814 702 3876 Faucibus
729 3814 1019 3890 ingentem
1046 3816 1286 3895 sumum,
1315 3817 1574 3879 mirabile
1602 3816 1776 3892 dictu,

2252 324 2361 398 233

2241 555 2357 608 210

2238 942 2355 995 215

2239 1332 2355 1385 220
2393 1369 2400 1372 -

2239 1720 2353 1774 225

2237 2106 2352 2161 230

2238 2497 2476 2551 235.

2239 2886 2355 2939 240

2183 3308 2190 3317 2
2242 3273 2357 3327 245

2243 3663 2359 3716 250
