2717 4300
371 335 444 392 24
1076 334 1637 392 BUCOLICORUM

270 478 282 486 ”
371 486 652 562 Conjugis
679 493 744 543 ut
769 484 1008 561 magicis
1034 504 1205 543 sanos
1234 495 1491 544 avertere
1518 487 1694 545 sacris

370 563 656 640 Experiar
681 581 884 620 sensus
908 582 921 621 :
965 563 1110 620 nihil
1139 563 1236 622 hic
1266 565 1378 621 nisi
1406 565 1662 625 carmina
1687 565 1915 624 desunt.

371 641 584 700 Ducite
613 640 684 699 ab
712 641 852 699 urbe
881 643 1134 717 domum,
1158 661 1291 700 mea
1317 643 1588 717 carmina,
1619 644 1814 701 ducite
1842 643 2144 722 Daphnin.

451 721 724 778 Carmina
748 720 843 778 vel
865 719 1012 778 coelo
1032 730 1273 798 possunt
1299 722 1586 779 deducere
1615 723 1841 780 Lunam
1864 741 1880 780 ε

370 797 736 855 Carminibus
763 799 934 856 Circe
960 798 1149 857 socios
1176 801 1420 858 mutavit
1445 801 1716 877 Ulyssei3
2255 805 2336 861 70

368 876 636 952 Frigidus
664 877 724 934 in
751 877 926 954 pratis
954 877 1238 935 cantando
1266 879 1545 955 rumpitur
1573 879 1792 955 anguis.

368 956 581 1013 Ducite
610 954 681 1013 ab
708 955 850 1013 urbe
879 956 1135 1030 domum,
1165 975 1297 1013 mea
1323 959 1593 1031 carmina,
1627 957 1821 1016 ducite
1848 957 2147 1035 Daphnin.

446 1034 641 1091 Terna
665 1034 770 1092 tibi
796 1034 924 1092 haec
951 1032 1199 1112 primum
1228 1035 1437 1111 triplici
1466 1037 1690 1094 diversa
1715 1037 1907 1095 colore

368 1111 532 1169 Licia
557 1112 867 1188 circumdo,
897 1122 1095 1190 terque
1121 1113 1249 1170 haec
1279 1114 1476 1171 altaria
1502 1116 1715 1173 circum

370 1190 638 1267 Effigiem
668 1192 815 1250 duco
839 1211 853 1249 τ
897 1211 1136 1249 numero
1165 1193 1309 1249 deus
1336 1194 1554 1270 impare
1581 1195 1810 1270 gaudet.
2254 1197 2333 1252 75

367 1268 580 1328 Ducite
609 1269 680 1327 ab
708 1270 850 1328 urbe
878 1271 1134 1345 domum,
1163 1290 1294 1329 mea
1320 1273 1594 1354 carmina,
1623 1274 1815 1331 ducite
1842 1270 2141 1349 Daphnin.

443 1348 635 1407 Necte
662 1348 845 1407 tribus
868 1350 1036 1407 nodis
1064 1359 1276 1425 ternos,
1307 1351 1605 1427 Amarylli,
1636 1352 1893 1423 colores3

366 1426 576 1503 Necte,
605 1428 904 1504 Amarylli,
934 1426 1138 1485 modo:
1182 1437 1259 1503 et,
1288 1429 1559 1504 VeneriS,
1588 1431 1700 1505 dic,
1728 1428 1960 1487 vincula
1984 1438 2174 1487 necto.

365 1505 580 1564 Ducite
611 1506 682 1564 ab
712 1506 855 1563 urbe
884 1507 1138 1580 domum,
1168 1526 1302 1563 mea
1326 1507 1599 1580 carmina,
1628 1508 1819 1564 ducite
1848 1507 2146 1585 Daphnin.

444 1585 647 1642 Limus
674 1593 739 1642 ut
763 1584 858 1641 hic
887 1584 1153 1657 durescit,
1184 1592 1244 1641 et
1270 1584 1400 1641 haec
1426 1592 1491 1641 ut
1510 1603 1644 1642 cera
1677 1584 1942 1661 liquescit
2254 1590 2334 1644 80

367 1663 504 1722 Uno
531 1662 853 1739 eodemque
879 1661 1038 1737 igni;
1082 1662 1164 1719 sic
1191 1672 1388 1720 nostro
1414 1662 1682 1797 Daphnis
1710 1681 1924 1720 amore.
2237 1676 2240 1679 ’

283 1774 293 1781 .
370 1742 588 1818 Sparge
615 1740 846 1815 molam,
876 1749 935 1798 et
959 1740 1191 1815 fragiles
1209 1741 1468 1808 ,incende
1537 1741 1777 1799 itumine
1805 1742 2028 1800 lauros:

366 1819 634 1897 Daphnis
662 1838 755 1877 me
782 1819 969 1876 malus
994 1820 1144 1893 urit;
1187 1839 1297 1895 ego
1323 1819 1474 1877 hanc
1502 1819 1563 1876 in
1591 1820 1905 1896 Daphnide
1933 1821 2174 1879 laurum.

365 1898 580 1957 Ducite
608 1896 679 1956 ab
706 1898 849 1956 urbe
878 1898 1135 1973 domum,
1165 1917 1294 1956 mea
1321 1898 1594 1973 carmina,
1624 1898 1818 1956 ducite
1846 1899 2150 1978 Daphnin.

445 1976 607 2034 Talis
636 1997 796 2034 amor
821 1977 1120 2055 Daphnin,
1151 1977 1334 2054 qualis
1363 1997 1539 2054 quum
1567 1976 1721 2035 fessa
1737 1978 2063 2056 juvencum
2256 1983 2335 2037 85

366 2055 484 2113 Per
507 2074 745 2113 nemora
771 2063 942 2132 atque
971 2056 1114 2114 altos
1142 2057 1455 2133 quaerendo
1482 2055 1694 2114 bucula
1720 2056 1884 2114 lucos

367 2135 609 2213 Propter
634 2154 797 2211 aquae
826 2134 1012 2194 rivum
1039 2135 1208 2194 viridi
1234 2132 1559 2212 procumbit
1584 2135 1645 2194 in
1671 2134 1809 2193 ulva

365 2212 619 2288 Perdita,
647 2232 758 2272 nec
785 2232 927 2272 serae
955 2214 1220 2273 meminit
1245 2215 1528 2273 decedere
1555 2214 1732 2289 nocti,

366 2292 528 2352 Talis
557 2312 715 2351 amor
740 2301 969 2367 teneat3
1015 2313 1125 2352 nec
1154 2294 1228 2353 sit
1254 2293 1400 2351 mihi
1428 2312 1567 2351 cura
1594 2294 1829 2352 mederi.

367 2371 581 2430 Ducite
609 2371 681 2429 ab
708 2372 852 2429 urbe
880 2373 1139 2446 domum,
1168 2392 1300 2430 mea
1326 2373 1599 2445 carmina,
1629 2372 1823 2430 ducite
1850 2371 2148 2448 Daphnin.
2257 2376 2335 2448 940
2377 2425 2380 2428 .

448 2450 574 2508 Has
602 2450 738 2508 olim
768 2451 1006 2508 exuvias
1035 2451 1182 2507 mihi
1206 2450 1461 2526 perfidus
1488 2450 1586 2506 ille
1614 2450 1860 2525 reliquit,

367 2528 621 2603 Pignora
646 2548 778 2586 cara
803 2529 912 2603 sui,
942 2548 1070 2604 quae
1097 2547 1252 2586 nunc
1281 2546 1410 2603 ego,
1440 2527 1639 2584 limine
1667 2528 1726 2584 in
1756 2528 1900 2604 ips0,

369 2607 569 2682 Terra,
596 2606 702 2666 tibi
730 2608 975 2664 mando:
1020 2607 1235 2664 debent
1259 2606 1389 2664 haec
1416 2606 1656 2683 pignora
1683 2605 1979 2683 Daphnin.

368 2686 583 2744 Ducite
612 2685 683 2743 ab
712 2685 853 2743 urbe
882 2686 1136 2759 domum,
1167 2702 1303 2742 mea
1329 2684 1601 2758 carmina,
1630 2684 1823 2742 ducite
1850 2683 2149 2761 Daphnin.

448 2764 576 2823 Has
602 2763 812 2822 herbas
841 2775 1011 2840 atque
1039 2764 1167 2821 haec
1194 2763 1383 2820 Ponto
1411 2761 1552 2819 mihi
1581 2762 1733 2820 lecta
1757 2781 1986 2822 venena
2257 2767 2334 2821 95

371 2844 507 2920 Ipse
527 2842 688 2900 dedit
713 2842 953 2901 Moeris:
995 2850 1310 2900 nascuntur
1335 2841 1583 2919 plurima
1609 2841 1815 2908 Ponto.

370 2921 485 2980 His
513 2940 621 3000 ego
648 2918 803 2999 saepe
833 2922 1031 2998 lupum
1060 2921 1184 2980 fieri
1212 2928 1272 2979 et
1296 2940 1359 2978 se
1388 2920 1637 2978 condere
1663 2920 1824 2980 silvis

370 3001 607 3076 Moerin,
637 2997 793 3078 saepe
824 3002 1044 3059 animas
1063 3000 1195 3058 imis
1223 3000 1418 3058 excire
1446 2999 1744 3077 sepulcris,

342 3083 564 3157 ·Atque
592 3087 743 3138 satas
772 3077 884 3142 alio
912 3080 1034 3137 vidi
1064 3079 1367 3138 traducere
1394 3098 1630 3138 messes.
1686 3135 1690 3144 ,
2081 3113 2086 3118 ·

354 3157 587 3218 'Ducite
617 3153 688 3217 ab
716 3157 858 3217 urbe
886 3158 1140 3232 domum,
1168 3177 1301 3216 mea
1326 3157 1599 3232 carmina,
1630 3157 1826 3214 ducite
1852 3154 2151 3233 Daphnin.
2226 3160 2338 3214 100

451 3239 568 3297 Fer
595 3238 841 3313 cinereS,
873 3238 1174 3315 Amarylli,
1202 3237 1372 3311 foraS,
1401 3238 1639 3313 rivoque
1666 3234 1867 3292 fluenti

372 3318 676 3394 Transque
704 3325 877 3395 caput
895 3318 1062 3453 face3
1105 3335 1215 3374 nec
1242 3315 1583 3393 respexeriS.
1665 3313 1779 3371 His
1806 3332 1915 3390 ego
1940 3310 2220 3390 Daphnin

372 3396 728 3471 Aggrediar:
770 3396 896 3454 nihi
946 3396 1043 3454 ille
1071 3397 1230 3470 deoS,
1257 3394 1340 3452 nil
1374 3394 1645 3467 carmina,
1674 3399 1850 3450 curat.

374 3474 589 3534 Ducite
619 3473 690 3531 ab
717 3474 861 3532 urbe
888 3475 1145 3549 domum,
1174 3492 1306 3532 mea
1332 3473 1605 3547 carmina,
1634 3471 1826 3530 ducite
1855 3469 2156 3548 Daphnin.

458 3552 749 3630 Adspice:
795 3554 1069 3629 corripuit
1094 3552 1353 3612 tremulis
1381 3551 1578 3610 altaria
1602 3550 1847 3608 flammis
2229 3553 2338 3608 105

379 3633 422 3691 S
464 3639 599 3690 onte
624 3629 750 3706 sua,
782 3630 919 3687 dum
946 3631 1092 3690 ferre
1120 3650 1327 3706 moror,
1356 3630 1503 3688 cinis
1529 3629 1548 3686 i
1592 3648 1671 3687 se.
1755 3628 1988 3686 Bonum
2015 3627 2124 3686 sit!

376 3652 598 3772 hstscio
626 3708 767 3785 quid
791 3704 946 3772 certe
976 3717 1100 3782 est3
1140 3717 1203 3767 et
1229 3708 1432 3784 Hylax'
1454 3708 1515 3765 in
1567 3707 1744 3765 imine
1769 3707 1952 3765 latrat.

379 3785 726 3849 Credimus?
770 3806 842 3844 an
869 3786 968 3863 qui
996 3794 1189 3845 amant
1214 3787 1324 3863 ipsi
1351 3786 1462 3843 sibi
1490 3786 1713 3844 somnia
1737 3785 2001 3862 fingunt?

271 3911 275 3916 ·
378 3868 629 3945 Parcite,
658 3865 729 3925 ab
756 3866 900 3925 urbe
925 3865 1106 3941 venit,
1126 3867 1251 3943 jam
1274 3864 1514 3946 parcite,
1542 3865 1815 3941 carmina,
1843 3862 2131 3941 Daphnis.
