2717 4300
385 312 493 367 116
1191 309 1565 369 AEnmnos

1082 618 1644 696 AENEIDOS

951 882 958 889 ⁸
1024 856 1287 917 LIBER
1326 854 1718 917 TERTIUS.

384 1008 721 1075 Posrumm
747 1032 840 1071 res
865 1012 1024 1072 Asiae
1048 1013 1386 1090 Priamique
1413 1022 1671 1073 evertere
1696 1020 1932 1089 gentem

387 1091 744 1149 Immeritam
773 1093 961 1149 visum
991 1092 1233 1169 superis,
1263 1093 1589 1170 ceciditque
1616 1092 1930 1167 superbum

387 1168 579 1245 Ilium,
610 1178 669 1229 et
694 1170 882 1228 omnis
907 1170 1087 1228 humo
1112 1170 1299 1229 sumat
1323 1171 1630 1249 Neptunia
1654 1170 1852 1250 Trojg

384 1247 635 1305 Diversa
661 1247 866 1306 exsilia
892 1256 953 1307 et
977 1249 1230 1306 desertas
1257 1267 1516 1325 quaerere
1544 1257 1721 1307 terras

383 1326 660 1403 Auguriis
688 1325 916 1401 agimur
940 1327 1139 1384 divum
1163 1347 1181 1399 ς
1222 1328 1586 1404 classemque
1615 1325 1725 1385 sub
1750 1326 1880 1402 ipsi

383 1405 683 1465 Antandro
712 1414 771 1462 et
796 1405 1066 1481 Phrygiae
1094 1406 1368 1463 molimur
1395 1406 1687 1464 montibus
1715 1404 1857 1481 Idae,

386 1482 599 1541 Incerti
627 1478 743 1559 quo
771 1483 885 1541 fata
911 1483 1113 1557 ferant,
1141 1483 1244 1540 ubi
1270 1484 1472 1542 sistere
1498 1485 1703 1556 detur;

385 1560 913 1637 contrahimusque
940 1562 1110 1619 viros.
1195 1561 1316 1619 Vix
1342 1563 1533 1639 prima
1557 1562 1854 1639 inceperat
1879 1567 2069 1637 aestas,

386 1639 467 1697 Et
493 1647 658 1716 pater
683 1639 974 1697 Anchises
1002 1641 1138 1697 dare
1165 1639 1295 1698 fatis
1320 1640 1452 1698 vela
1468 1638 1750 1719 jubebat3

384 1717 604 1789 Llittora
630 1736 811 1793 quum
839 1717 1038 1811 patrioe
1066 1719 1390 1794 lacrymans
1416 1727 1728 1795 portusque
1755 1716 2041 1794 relinquo,

384 1795 467 1852 Et
494 1814 732 1871 campos
758 1796 861 1854 ubi
887 1796 1067 1874 Troja
1092 1796 1237 1854 fuit:
1280 1795 1432 1853 seror
1457 1796 1624 1854 exsul
1652 1796 1712 1853 in
1742 1795 1924 1854 altum

385 1874 537 1932 Cum
566 1875 755 1948 sociis,
783 1883 1052 1952 natoque,
1081 1875 1418 1949 Penatibus),
1447 1883 1506 1933 et
1532 1874 1756 1950 magnis
1783 1874 1891 1933 dis.

462 1951 644 2010 Terra
670 1954 871 2029 procul
898 1954 1075 2011 vastis
1103 1954 1311 2012 colitur
1336 1954 1625 2012 Mavortia
1652 1953 1894 2029 campis,

384 2028 645 2088 Thraces
671 2041 851 2109 arant,
881 2032 998 2090 aeri
1026 2033 1315 2109 quondam
1343 2040 1580 2108 regnata
1607 2033 1911 2108 Lycur-303

384 2108 722 2187 Hospitium
750 2111 1048 2188 antiquum
1079 2110 1292 2191 Trojae,
1322 2112 1582 2189 sociique
1609 2110 1881 2186 Penates,

383 2188 542 2246 Dum
572 2189 803 2248 fortuna
827 2190 952 2249 suit.
1035 2190 1215 2248 Feror
1241 2190 1378 2266 huc,
1407 2199 1466 2248 et
1493 2191 1680 2249 littore
1706 2208 1883 2248 curvo

382 2267 609 2325 Moenia
633 2269 821 2345 prima
845 2268 995 2345 loco,
1023 2269 1153 2327 fatis
1180 2269 1475 2345 ingressus
1501 2269 1714 2346 iniquis
1737 2288 1753 2326 ε

382 2345 797 2425 AEneadasq'ue
825 2364 955 2406 meo
983 2367 1195 2405 nomen
1225 2349 1299 2405 de
1326 2349 1563 2406 nomine
1590 2348 1765 2423 fingo.

465 2426 640 2484 Sacra
666 2426 930 2485 Dionaeae
960 2427 1127 2484 matri
1155 2426 1422 2503 divisque
1449 2424 1704 2484 ferebam
1754 2421 1761 2430 “

382 2504 735 2582 Auspicibus
761 2515 1079 2581 coeptorum
1107 2521 1381 2582 operum3
1425 2521 1751 2581 superoque
1777 2502 2059 2563 nitentem

383 2583 730 2656 Coelicolfim
757 2584 881 2659 regi
908 2582 1228 2641 mactabam
1257 2582 1317 2640 in
1346 2583 1535 2641 littore
1561 2590 1806 2640 taurum.
1892 2593 1900 2601 '

381 2658 556 2719 Forte
588 2661 698 2720 suit
715 2660 888 2739 juxta
914 2662 1191 2735 tumulus,
1221 2681 1335 2738 quo
1363 2680 1571 2719 cornea
1600 2680 1826 2719 summo

385 2738 668 2814 virgulta,
697 2749 755 2798 et
782 2740 979 2797 densis
1007 2739 1307 2798 hastilibus
1333 2739 1565 2797 horrida
1590 2750 1830 2817 myrtus.

380 2818 659 2891 Accessi;
702 2818 1062 2895 viridemque
1090 2818 1162 2877 ab
1189 2818 1368 2876 humo
1397 2819 1727 2877 convellere
1755 2819 1960 2879 silvam

382 2897 659 2970 Conatus,
687 2896 859 2954 ramis
885 2905 1138 2972 tegerem
1166 2906 1230 2955 ut
1257 2897 1655 2972 frondentibus
1683 2918 1828 2976 aras,

381 2975 753 3033 Horrendum
782 2983 840 3033 et
868 2976 1025 3034 dictu
1051 2975 1225 3035 video
1253 2975 1516 3035 mirabile
1543 2987 1903 3037 monstrum:

381 3054 540 3114 Nam
569 3073 696 3132 quae
724 3054 912 3131 prima
936 3054 1059 3112 solo
1085 3056 1268 3132 ruptis
1294 3054 1582 3116 radicibus
1610 3056 1778 3116 arbos

380 3131 651 3209 Vellitur,
678 3132 816 3191 huic
846 3142 967 3192 atro
994 3132 1291 3211 liquuntur
1316 3136 1597 3212 sanguine
1625 3144 1822 3212 guttae,

381 3212 464 3271 Et
492 3223 702 3271 terram
728 3212 863 3271 tabo
891 3213 1196 3272 maculant.
1279 3214 1438 3272 Mihi
1464 3215 1703 3291 frigidus
1729 3213 1929 3271 horror

380 3290 653 3351 Membra
680 3292 880 3369 quatit,
909 3292 1251 3370 gelidusque
1278 3293 1399 3352 coit
1424 3292 1728 3352 formidine
1755 3288 2005 3368 sanguis.

379 3369 605 3429 Rursus
632 3380 693 3430 et
718 3371 952 3430 alterius
978 3371 1198 3431 lentum
1219 3371 1547 3430 convellere
1573 3371 1768 3428 vimen

382 3448 683 3526 Insequor,
712 3459 773 3511 et
797 3469 1000 3509 causas
1025 3448 1258 3528 penitus
1283 3459 1505 3510 tentare
1531 3448 1774 3507 latentes
1794 3466 1812 3521 ;

381 3530 525 3586 Ater
550 3541 609 3588 et
636 3527 867 3588 alterius
894 3530 1153 3605 sequitur
1178 3531 1251 3589 de
1277 3529 1489 3587 cortice
1516 3527 1767 3603 sanguis.

382 3606 574 3667 Multa
599 3627 840 3666 movens
868 3610 1082 3683 animo,
1112 3607 1424 3684 Nymphas
1451 3606 1767 3665 venerabar
1791 3613 2066 3685 agn-exten,

382 3687 815 3764 Gradivumque
839 3696 1083 3763 patrem,
1114 3687 1334 3745 Geticis
1361 3686 1460 3762 qui
1486 3685 1756 3761 praesidet
1780 3685 1949 3762 arvis,

381 3763 520 3825 Rite
550 3766 931 3825 secundarent
954 3765 1132 3837 visus,
1160 3782 1447 3838 omenque
1475 3763 1750 3825 levarent.
2030 3769 2039 3776 ’

382 3843 582 3903 Tertia
607 3845 710 3902 sed
734 3850 1038 3921 postquam
1065 3844 1282 3920 majore
1307 3841 1543 3900 hastilia
1565 3844 1698 3903 nisu

2275 1721 2347 1777 10

2270 2114 2344 2170 15
