2717 4300
375 317 489 380 ω
1172 310 1543 370 ΕΝΕῙΒΟΒ

379 466 516 526 Hoc
539 464 716 543 patris
741 459 1017 523 Anchise
1043 480 1265 535 manes,
1289 460 1405 519 hoc
1431 460 1606 519 sentit
1631 457 1814 520 Iulus.

383 544 480 603 Sic
507 543 674 618 fatus,
702 542 925 620 galeam
951 541 1101 598 ἰωή
1125 548 1304 614 tenet,
1334 547 1506 614 atque
1532 538 1750 597 reflexa
2222 543 2342 600 535

380 621 625 680 Cervice
650 620 863 677 orantis
890 618 1096 695 capulo
1121 626 1291 676 tenus
1317 616 1570 692 applicat
1594 634 1813 675 ensem.

378 698 512 758 Nec
537 697 739 775 procul
766 696 1165 769 Hoemonides,
1195 694 1406 752 Phoebi
1432 693 1763 770 Triviaeque
1789 693 2076 770 sacerdos,

382 775 575 833 Insula
599 776 695 833 cui
722 774 883 831 sacri
908 772 1213 831 redimibat
1238 780 1497 847 tempora
1522 771 1684 846 vitta,

379 853 564 912 Totus
590 852 883 910 collucens
908 859 1071 909 veste
1103 859 1276 925 atque
1303 849 1625 924 insignibus
1653 849 1862 922 armis;

378 930 574 1000 Quem
602 946 940 1003 congressus
967 929 1086 1004 agit
1110 945 1337 1003 campo,
1368 926 1710 1003 lapsumque
1736 937 2064 1004 superstans
2221 932 2339 986 540

380 1006 665 1081 Immolat,
691 1005 1027 1082 ingentique
1053 1004 1259 1063 umbra
1286 1005 1465 1080 tegit:
1509 1023 1667 1063 arma
1694 1005 1961 1063 Serestus
2005 1016 2024 1068 ’.

377 1085 558 1143 Lecta
584 1084 755 1142 refert
779 1083 1054 1156 humeris,
1080 1083 1205 1157 tibi,
1233 1101 1338 1140 rex
1363 1083 1639 1157 Gradive,
1666 1093 1968 1160 tropoeum.

380 1162 706 1220 Instaurant
730 1160 904 1235 acies,
933 1161 1186 1218 Vulcani
1213 1159 1392 1237 stirpe
1415 1170 1640 1218 creatus
1969 1203 1974 1208 a

379 1239 666 1314 Gaeculus,
695 1247 756 1297 et
778 1239 1020 1296 veniens
1047 1238 1373 1296 Marsorum
1401 1238 1695 1297 montibus
1723 1237 1966 1298 Umbro.

378 1316 742 1375 Dardanides
768 1313 967 1374 contra
992 1316 1143 1374 furit.
1221 1316 1480 1373 Anxuris
1506 1335 1647 1374 ense
1673 1316 1981 1391 sinisuam,
2218 1320 2337 1375 545

378 1394 463 1452 Et
486 1402 668 1452 totum
697 1393 886 1470 clypei
912 1393 1060 1451 ferro
1086 1394 1377 1470 dejecerat
1401 1392 1619 1452 orbem.

379 1472 622 1529 Dixerat
646 1471 748 1529 ille
774 1471 988 1547 aliquid
1015 1489 1308 1546 magnum,
1334 1471 1572 1548 vimque
1598 1470 1775 1536 affore
1800 1471 1979 1531 verbo

379 1549 734 1621 Crediderat,
762 1547 1026 1624 coeloque
1053 1549 1323 1605 animum
1334 1548 1584 1606 sortasse-
1599 1548 1839 1624 ferebat,

379 1626 783 1701 Canitiemque
810 1624 920 1682 sibi
948 1635 1008 1684 et
1031 1625 1235 1699 longos
1260 1626 1599 1700 promiserat
1624 1645 1826 1684 annos.

379 1701 689 1777 Tarquitus
715 1701 1007 1760 exsultans
1033 1698 1233 1760 contra
1257 1701 1607 1778 fulgentibus
1633 1704 1826 1780 armis,
2218 1707 2336 1763 550

382 1779 671 1838 Silvicolae
697 1780 901 1837 Fauno
928 1777 1166 1857 Dryope
1194 1798 1368 1855 quem
1394 1780 1673 1858 Nympha
1697 1782 1939 1858 crearat,
2261 1809 2275 1820 ·

381 1856 606 1916 Obvius
633 1855 855 1915 ardenti
881 1875 1009 1916 sese
1037 1856 1284 1916 obtulit:
1326 1858 1427 1916 ille
1455 1859 1690 1917 reducta
1793 1891 1796 1896 ·

381 1934 645 1992 Loricam
670 1933 976 2011 clypeique
1002 1933 1210 2012 ingens
1235 1954 1385 1993 onus
1410 1936 1653 2013 impedit
1679 1936 1862 1995 hasti.
1977 1959 2004 1985 ο

379 2010 536 2069 Tum
557 2020 733 2089 caput
757 2013 970 2071 orantis
997 2014 1409 2090 nequidquam,
1437 2023 1497 2072 et
1523 2015 1704 2074 multa
1729 2014 1984 2091 parantis

379 2088 613 2164 Dicere,
642 2088 906 2148 deturbat
931 2098 1095 2148 terrae
1117 2110 1135 2163 3
1178 2099 1563 2167 truncumque
1589 2095 1889 2166 tepentem
2211 2097 2334 2151 555

379 2167 754 2243 Provolvens,
783 2185 957 2245 super
982 2168 1112 2225 baec
1138 2169 1377 2225 inimico
1403 2175 1636 2244 pectore
1662 2167 1849 2227 satur:

278 2285 293 2297 .
381 2243 520 2302 Istic
549 2263 725 2319 nunc,
751 2244 1084 2318 metuende,
1102 2247 1239 2322 jace
1258 2265 1277 2302 t
1319 2264 1439 2302 non
1466 2253 1527 2304 te
1554 2265 1591 2304 o
1631 2247 1774 2304 tima
1799 2252 2006 2306 mater..

380 2322 612 2381 Condet
633 2321 821 2397 humi,
848 2323 1110 2399 patriove
1137 2322 1399 2381 onerabit
1425 2341 1577 2380 mem
1621 2342 1681 2379 ra
1709 2323 1972 2401 sepulcro
1990 2342 2010 2381 τ

377 2398 634 2475 Alitibus
660 2398 924 2477 linquere
950 2399 1125 2472 feris;
1167 2409 1270 2459 aut
1294 2401 1517 2476 gurgite
1544 2418 1795 2466 mersum

378 2476 559 2536 Unda
582 2477 744 2551 feret,
772 2478 1081 2554 piscesque
1105 2478 1337 2553 impasti
1363 2477 1602 2537 vulnera
1625 2477 1902 2538 lambent.
2215 2483 2339 2537 56⁰

378 2554 664 2614 Protenus
690 2557 959 2613 Antaeum
988 2566 1048 2613 et
1074 2556 1313 2628 Lucam,
1339 2555 1525 2631 prima
1551 2557 1779 2629 agmina
1803 2555 2009 2631 Turni,

379 2631 773 2707 Persequitur,
801 2632 1123 2707 fortemque
1152 2632 1431 2705 Numam,
1459 2631 1796 2711 fulvumque
1824 2632 2176 2710 Camertem,
2208 2660 2219 2671 ·

379 2709 754 2784 Magnanimo
782 2708 1103 2766 Volscente
1131 2717 1337 2781 satum,
1367 2708 1679 2767 ditissimus
1809 2710 1823 2725 ‘

382 2786 504 2856 Qui
531 2786 642 2844 suit
666 2784 1051 2858 Ausonidum,
1080 2794 1141 2843 et
1165 2785 1356 2844 tacitis
1386 2786 1649 2860 regnavit
1671 2788 1953 2866 Amyclis.

377 2863 627 2938 AEgaeon
655 2863 860 2940 qualis,
888 2871 1123 2921 centum
1149 2864 1248 2938 cui
1274 2862 1510 2923 brachia
1531 2864 1734 2924 dicunt
2218 2872 2335 2926 565

380 2942 785 3018 centenasque
811 2960 1034 3016 manus,
1063 2942 1478 3018 quinquaginta
1503 2942 1696 3002 oribus
1721 2944 1918 3020 ignem

378 3019 829 3095 Pectoribusque
857 3021 1080 3094 arsisse,
1106 3019 1266 3081 Jovis
1294 3039 1474 3095 quum
1502 3014 1746 3099 fulmina
1771 3030 1973 3081 contra

379 3097 497 3156 Tot
521 3097 754 3175 paribus
781 3105 1060 3173 streperet
1085 3098 1322 3175 clypeis,
1349 3106 1435 3157 tot
1460 3100 1764 3175 stringeret
1790 3117 1998 3157 enses:

381 3176 480 3234 Sic
505 3184 625 3234 toto
652 3176 875 3234 AEneas
901 3176 1144 3235 desaevit
1164 3177 1227 3234 in
1256 3196 1486 3252 aequore
1514 3178 1717 3250 victor,
2232 3244 2238 3250 ,

379 3253 465 3312 Ut
489 3255 668 3312 semel
697 3254 942 3331 intepuit
969 3273 1185 3312 mucro.
1271 3254 1431 3325 Quin
1458 3273 1595 3313 ecce
1624 3253 1864 3330 Niphaei
2218 3258 2335 3312 5⁷0

381 3330 766 3409 Quadrijuges
793 3332 852 3390 in
881 3350 1059 3408 equos
1087 3332 1437 3408 adversaque
1463 3340 1695 3409 pectora
1718 3331 1941 3391 tendit:
2307 3358 2312 3365 ·

377 3410 573 3483 Atque
599 3407 881 3485 illi-longe
909 3410 1263 3485 gradientem
1290 3418 1357 3468 et
1376 3411 1501 3468 dira
1523 3410 1864 3468 frementem

383 3486 465 3543 Ut
490 3484 708 3560 videre,
737 3497 894 3546 metu
917 3489 1090 3564 versi,
1117 3497 1381 3563 retroque
1397 3495 1659 3560 ruentes,

377 3560 817 3640 Effunduntque
844 3566 1070 3641 ducem,
1099 3566 1443 3642 rapiuntque
1471 3564 1760 3622 ad‘littora
1783 3582 1998 3623 currus.

459 3639 683 3697 Interea
710 3641 922 3716 bi'ugis
949 3643 1121 3700 infert
1145 3663 1209 3701 se
1236 3644 1506 3716 Lucagus
1534 3641 1677 3699 albis
1735 3696 1736 3701 ,
2212 3646 2334 3700 575

380 3716 447 3774 Iu
480 3717 719 3791 medios,
769 3724 1033 3792 ratcrque
1060 3720 1270 3794 Liger:
1313 3720 1418 3777 sed
1445 3718 1616 3778 frater
1642 3719 1884 3778 habenis
2029 3753 2048 3769 ·

377 3794 592 3854 Flectit
616 3813 835 3871 equos;
877 3795 1132 3852 strictum
1160 3805 1304 3855 rotat
1329 3815 1463 3853 acer
1490 3798 1758 3874 Lucagus
1782 3815 2003 3856 ensem.
