2717 4300
361 300 442 360 U
1007 292 1014 309 '
1204 296 1570 355 AENEIDos

359 448 741 523 Teucrorum,
771 456 830 507 et
855 448 1013 524 genti
1041 466 1251 505 nomen
1281 447 1460 523 dedit,
1489 466 1758 525 armaque
1787 448 1916 509 fixit

359 527 579 601 Τωϊεις
622 545 775 584 nunc
803 526 1032 603 placida
1059 524 1391 603 compostus
1416 545 1561 602 pace
1585 526 1851 600 quiescit.

360 605 510 680 Nos,
540 615 638 664 tua
661 602 987 682 progenies,
1013 604 1145 662 coeli
1173 604 1383 679 quibus
1411 604 1629 662 annuiss
1640 622 1855 680 arcem,

360 682 627 742 Navibus
662 682 1018 761 (infandum)
1054 682 1298 756 amissis,
1328 682 1499 741 unius
1526 682 1601 740 ob
1629 683 1773 741 iram

361 760 684 835 Prodimur,
713 768 885 837 atque
913 759 1075 818 Italis
1101 757 1284 835 longe·
1302 760 1687 838 disjungimur
1711 763 1843 820 oris.

363 838 480 896 Hic
508 837 735 915 pietatis
761 839 990 895 honos?
1034 838 1120 896 sic
1143 858 1249 896 nos
1276 838 1337 895 in
1366 849 1593 916 sceptra
1617 841 1891 916 reponis?

275 988 280 993 ᾖ
437 916 558 974 Olli
585 915 888 973 subridens
917 917 1215 974 hominum
1243 924 1396 974 sator
1422 927 1592 992 atque
1619 917 1879 995 deorum,

359 992 545 1052 Vultu
573 1013 690 1071 quo
718 995 927 1053 coelum
956 1004 1438 1071 tempestatesque
1466 1003 1710 1071 serenat,

361 1071 578 1131 Oscula
603 1071 806 1130 libavit
830 1082 1015 1145 natae3
1059 1073 1270 1131 dehinc
1298 1073 1435 1130 talia
1459 1072 1647 1131 fatur:

358 1149 541 1208 Parce
570 1158 748 1224 metu,
778 1150 1105 1226 Cytherea:
1149 1163 1391 1208 manent
1412 1151 1651 1209 immota
1673 1159 1902 1210 tuorum

359 1228 505 1286 Fata
532 1227 673 1300 tibi;
715 1247 921 1299 cernes
946 1228 1149 1286 urbem
1179 1237 1239 1288 et
1261 1230 1545 1305 promissa
1569 1227 1777 1287 Lavini

359 1307 603 1381 Moenia,
632 1306 1055 1384 sublimemque
1082 1307 1231 1365 feres
1257 1308 1331 1365 ad
1360 1307 1549 1364 sidera
1575 1307 1708 1385 coeli

360 1384 802 1461 Magnanimum
828 1378 1099 1458 AEneau3
1142 1404 1331 1462 neque
1358 1404 1454 1442 me
1481 1385 1768 1444 sententia
1790 1386 1978 1444 vertit.

360 1463 478 1521 Hic
514 1463 648 1541 (tibi
674 1462 836 1521 fabor
862 1465 1041 1537 enim,
1067 1464 1300 1538 quando
1327 1462 1455 1520 haec
1483 1471 1542 1521 te
1568 1481 1705 1520 cura
1731 1464 2037 1539 remordet,

361 1539 619 1616 Longius
647 1549 708 1598 et
730 1541 969 1598 volvens
996 1541 1237 1598 fatorum
1265 1559 1470 1597 arcana
1496 1538 1773 1618 movebo)

359 1617 593 1676 Bellum
619 1618 825 1694 ingens
852 1628 1014 1694 geret
1042 1618 1229 1692 ltalia,
1257 1618 1615 1694 populosque
1640 1618 1861 1678 feroces

359 1694 711 1769 Contundet,
734 1715 1036 1772 moresque
1063 1696 1199 1753 viris
1225 1705 1287 1754 et
1311 1696 1528 1754 moenia
1551 1703 1747 1772 ponet,

359 1772 559 1832 Tertia
584 1775 720 1832 dum
750 1774 915 1831 Latio
944 1782 1277 1849 regnantem
1306 1774 1516 1832 viderit
1541 1784 1729 1848 aestas,

359 1850 671 1927 Ternaque
693 1853 1024 1911 transierint
1048 1851 1287 1911 Rutulis
1312 1846 1560 1910 hiberna
1585 1852 1858 1912 subactis.

360 1930 440 1988 At
503 1949 609 1987 uer
634 1930 944 2004 AscaniuS,
979 1931 1074 1989 cui
1101 1949 1253 1988 nunc
1283 1942 1617 2006 cognomen*
1638 1930 1767 1989 1qu

357 1950 645 2143 &Agditur
677 2007 832 2085 (Ilus
859 2018 999 2084 erat,
1027 2010 1167 2066 dum
1189 2027 1281 2067 res
1299 2009 1467 2068 stetit
1495 2009 1604 2067 Ilia
1629 2009 1896 2088 regno),]

418 2086 622 2163 riginta
647 2106 887 2162 magnos
914 2087 1215 2145 volvendis
1242 2087 1539 2145 mensibus
1565 2085 1734 2145 orbes

359 2163 614 2242 Imperio
640 2165 915 2243 explebit,
944 2185 1302 2243 regnumque
1331 2167 1403 2224 ab
1430 2167 1570 2226 sede
1598 2165 1807 2226 Lavini

358 2242 707 2319 Transferet,
736 2254 797 2302 et
821 2245 1051 2320 longam
1080 2247 1262 2302 multa
1288 2245 1349 2302 vi
1378 2248 1602 2305 muniet
1626 2246 1858 2305 Albam.

358 2320 478 2380 Hic
497 2325 628 2401 jam'
650 2332 736 2382 ter
758 2332 994 2381 centum
1022 2332 1172 2382 totos
1200 2324 1529 2398 regnabitur
1548 2344 1732 2383 annos
1839 2379 1842 2384 ,

297 2403 302 2412 ’
359 2399 551 2459 Gente
578 2401 688 2459 sub
718 2402 1030 2475 Hectorea,
1054 2403 1246 2459 donec
1272 2403 1469 2476 regina
1501 2402 1767 2474 sacerdos

356 2477 548 2537 Marte
575 2481 761 2555 gravis
787 2481 1078 2554 geminam
1105 2488 1271 2555 partu
1298 2479 1458 2537 dabit
1486 2478 1594 2536 Ilia
1617 2479 1857 2556 prolem.

359 2556 504 2614 Inde
531 2557 683 2633 lupae
710 2558 868 2615 fulvo
894 2557 1132 2616 nutricis
1160 2557 1415 2631 tegmine
1442 2557 1611 2615 laetus

354 2634 642 2692 Romulus
670 2635 921 2712 excipiet
945 2643 1196 2710 gentem,
1227 2643 1286 2693 et
1312 2634 1600 2693 Mavortia
1626 2634 1853 2708 conda

356 2712 599 2786 Moenia,
628 2713 1038 2788 Romanosque
1067 2732 1171 2769 suo
1200 2713 1273 2770 de
1299 2713 1537 2772 nomine
1565 2713 1736 2771 dicet.

355 2789 468 2847 His
497 2810 606 2865 ego
634 2809 744 2849 nec
773 2800 957 2849 metas
986 2809 1173 2848 rerum
1202 2807 1314 2848 nec
1350 2800 1823 2868 tempora-pono:

356 2866 673 2945 Imperium
702 2869 827 2927 sine
856 2870 971 2927 fine
1000 2869 1151 2926 dedi.
1237 2868 1397 2941 Quin
1425 2888 1626 2947 aspera
1650 2870 1825 2945 Juno,

358 2944 508 3017 Quae
531 2966 687 3005 mare
713 2967 872 3006 nunc
898 2956 1190 3023 terrasque
1218 2958 1376 3007 metu
1405 2949 1733 3024 coelumque
1760 2949 1976 3027 fatigat,

355 3024 617 3083 Consilia
641 3026 700 3083 in
731 3026 939 3084 melius
967 3026 1193 3101 referet,
1222 3046 1575 3105 mecumque
1601 3028 1821 3088 fovebit

355 3104 654 3162 Romanos
684 3124 869 3162 rerum
897 3105 1163 3163 dominos
1190 3115 1543 3183 gentemque
1571 3115 1843 3182 togatam.

358 3182 457 3241 Sic
483 3183 776 3261 placitum.
862 3182 1077 3241 Veniet
1102 3183 1293 3241 lustris
1320 3184 1647 3243 labentibus
1675 3194 1832 3259 aetas,
1910 3247 1923 3256 ,

359 3259 558 3332 Quum
589 3261 797 3320 domus
824 3262 1091 3320 Assaraci
1120 3262 1395 3321 Phthiam
1425 3263 1722 3338 clarasque
1749 3262 2035 3339 Mycenas

358 3339 606 3397 Servitio
632 3349 875 3417 premet,
905 3359 972 3399 ac
999 3341 1169 3398 victis
1196 3340 1585 3399 dominabitur
1613 3340 1800 3416 Argis.

356 3417 646 3476 Nascetur
669 3419 913 3495 pulchra
941 3418 1230 3497 Trojanus
1256 3420 1476 3495 origine
1503 3419 1723 3493 Caesar,-

356 3495 673 3571 Imperium
704 3515 941 3568 oceano,
967 3497 1177 3556 samam
1206 3498 1305 3574 qui
1335 3498 1600 3556 terminet
1625 3497 1808 3574 astris,

353 3572 561 3647 Julius,
587 3592 626 3630 a
645 3592 855 3648 magno
884 3577 1198 3634 demissum
1227 3595 1440 3634 nomen
1471 3575 1617 3633 Iulo·

357 3651 535 3716 Hunc
562 3659 624 3709 tu
652 3650 790 3709 olim
817 3652 987 3725 coelo,
1016 3655 1213 3729 spoliis
1242 3653 1496 3713 Orientis
1524 3661 1815 3731 onustum,

357 3728 629 3806 Accipies
655 3747 894 3787 securat
936 3731 1234 3790 vorabitur
1258 3732 1355 3790 bic
1382 3751 1613 3808 quoque
1637 3732 1806 3791 votis.

357 3809 582 3887 Aspera
605 3816 727 3868 tum
752 3807 955 3885 positis
981 3810 1288 3869 mitescent
1311 3809 1529 3869 secula
1550 3810 1740 3870 bellis.

2200 1000 2317 1057 255

2199 1390 2317 1444 260

2199 1780 2317 1836 265

2200 2171 2318 2228 270

2197 2561 2316 2617 275

2196 3738 2315 3796 290
