2717 4300
308 287 313 290 ’
372 294 496 351 'w
1020 295 1031 306 ⁸
1190 293 1554 351 AENEIDos

385 443 544 502 Tum
571 440 770 501 contra
786 442 948 501 ‘Juno
971 462 984 500 ε
1030 443 1341 501 Terrorum
1371 451 1430 501 et
1454 443 1666 501 fraudis
1695 440 1922 502 abunde
1952 452 2071 504 est:

389 521 554 579 Stant
578 521 716 578 belli
744 540 932 579 causae
956 540 972 593 ;
1013 532 1300 597 pugnatur
1325 521 1653 580 comminus
1682 522 1884 596 armis3

388 599 537 670 Quae
565 599 679 656 fors
705 600 890 675 prima
914 599 1090 674 dedit,
1120 599 1354 674 sanguis
1381 618 1565 657 novus
1591 598 1799 657 imbuit
1824 619 1996 658 arma.

386 678 556 735 Talia
580 677 844 755 conjugia
871 684 929 734 et
954 676 1096 734 tales
1124 677 1418 735 celebrent
1443 677 1780 753 hymenaeos
1801 707 1824 724 -υ

386 755 699 830 Egregium
727 754 974 812 Veneris
1002 764 1183 829 genus
1211 764 1268 813 et
1292 774 1399 812 rex
1425 755 1549 832 ipse
1576 756 1835 816 Latinus-

386 832 475 889 Te
503 851 676 908 super
701 832 965 890 aetherias
986 851 1177 889 errare
1203 830 1470 891 licentius
1498 852 1662 892 auras

386 909 561 967 Haud
587 918 748 986 pater
773 910 872 968 ille
896 909 1039 968 velit
1062 911 1274 968 summi
1302 919 1565 986 regnator
1591 911 1863 991 Olympi3

364 987 546 1045 ‘Gede
571 987 714 1046 locis
737 1007 751 1045 τ
793 1007 933 1065 εςο,
950 987 1000 1045 si
1027 1008 1142 1065 qua
1167 1008 1338 1066 super
1361 988 1587 1047 fortuna
1612 989 1872 1048 laborum
1900 981 2008 1066 est,

385 1065 518 1141 Ipsa
543 1084 755 1141 regam.
836 1067 1012 1124 Tales
1039 1067 1274 1125 dederat
1301 1067 1566 1124 Saturnia
1590 1086 1782 1126 voces.

385 1142 494 1201 Illa
520 1152 709 1201 autem
738 1144 942 1202 attollit
969 1145 1273 1202 stridentes
1300 1145 1584 1221 anguibus
1611 1145 1747 1222 alas,

383 1221 705 1298 Cocytique
774 1222 878 1280 etit
903 1223 1120 1298 sedem,
1150 1241 1358 1299 supera
1384 1224 1559 1280 ardua
1584 1222 1866 1300 linquens.

382 1298 493 1357 Est
519 1299 700 1374 locus,
730 1242 912 1359 {tal-ne
938 1301 1133 1358 medio
1161 1302 1268 1358 sub
1295 1300 1587 1359 montibus
1616 1301 1762 1377 altis,

366 1375 632 1452 Nobilis,
661 1386 721 1436 et
745 1379 898 1436 fama
924 1379 1119 1437 muitis
1146 1388 1495 1438 memoratus
1521 1380 1582 1436 in
1611 1379 1743 1455 οτίε,

381 1454 683 1513 Amsancti
708 1457 921 1529 valles3
960 1458 1159 1516 densis
1185 1457 1340 1516 hunc
1366 1455 1670 1515 frondibus
1688 1465 1870 1515 atrum

382 1535 569 1608 Urget
591 1533 880 1611 utrimque
907 1533 1351 1609 latusnemoris,
1381 1535 1687 1611 medioque
1712 1534 1969 1613 fragosus

381 1611 502 1669 Dat
526 1610 775 1680 sonitum
802 1612 956 1670 saxis
984 1619 1212 1670 ettorto
1239 1612 1457 1669 vortice
1484 1621 1718 1671 torrens.

380 1686 499 1745 Hic
525 1707 733 1765 specus
758 1688 1124 1765 horrendum,
1154 1689 1294 1748 saevi
1321 1689 1604 1767 spiracula
1629 1689 1805 1768 Ditis,

367 1766 765 1840 *Mousti-atum
808 1776 1097 1846 ruptoque
1116 1768 1320 1843 ingens
1346 1766 1679 1827 Acheronte
1705 1786 1918 1846 vorago

378 1843 685 1902 Pestiferas
711 1844 1144 1923 aperit‘faucess
1163 1845 1327 1923 queis
1352 1846 1584 1903 condita
1597 1846 1884 1925 Erinnys,

379 1923 638 1980 Invisum
663 1940 897 1999 numen,
924 1924 1452 2000 terrascoelumque
1479 1924 1723 1983 levabat.

454 1999 590 2058 Nec
616 1997 807 2058 minus
833 2000 1054 2059 interea
1079 2009 1397 2060 extremam
1427 2002 1694 2060 Saturnia
1717 2000 1874 2062 bello
1911 2003 1930 2024 ⁶

378 2077 634 2156 Imponit
657 2077 856 2153 regina
879 2097 1133 2138 manum.
1213 2078 1361 2138 Ruit
1387 2079 1573 2140 omnis
1599 2080 1659 2137 in
1686 2080 1889 2139 urbem

372 2154 676 2215 Pastorum
703 2175 779 2214 ex
803 2157 940 2215 acie·
954 2175 1230 2215 numerus
1252 2177 1268 2215 t
1310 2177 1603 2234 caesosque
1631 2166 1935 2239 reportant,

374 2234 683 2299 Almonem
707 2251 968 2312 puerum,
985 2233 1303 2315 ‘fiedatique
1329 2235 1712 2311 oraGalaesi3

377 2311 802 2389 Implorantque
829 2315 989 2389 deos,
1017 2314 1798 2392 obtestanturquejLatinum.

375 2388 608 2450 Turnus
634 2392 814 2467 adest,
842 2391 1148 2469 medioque
1174 2393 1236 2450 in
1264 2392 1503 2450 crimine
1529 2393 1705 2451 caedis
1733 2401 1792 2452 et
1814 2392 1964 2470 ignis

374 2466 677 2527 Terrorem
704 2469 1053 2545 ingeminat3
1086 2471 1356 2529 'Teucros
1383 2470 1444 2527 in
1469 2489 1649 2546 regna
1671 2471 1887 2546 vocari,

374 2545 624 2623 Stirpem
652 2548 953 2605 admisceri
978 2547 1288 2624 Phrygiam
1311 2567 1327 2620 ;
1372 2566 1436 2605 se
1460 2546 1659 2606 limine
1684 2548 1843 2627 pelli.

373 2623 548 2699 Tum,
577 2644 818 2701 quorum
847 2625 1097 2683 attonitae
1125 2625 1358 2682 Baccho
1387 2643 1624 2682 nemora
1648 2626 1777 2684 avia
1801 2633 2013 2685 matres

375 2701 661 2761 Insultant
685 2702 901 2777 thiasis,
920 2721 1119 2779 *neque
1147 2703 1301 2760 enim
1328 2703 1458 2760 leve
1484 2721 1699 2763 nomen
1726 2705 1972 2782 Amatae,

324 2782 339 2793 '
373 2779 651 2857 Undique
678 2779 905 2838 collecti
929 2784 1159 2856 coeunt,
1187 2781 1554 2858 Martemque
1581 2781 1835 2858 fatigant.

375 2858 542 2917 Ilicet
565 2858 861 2917 infandum
889 2858 1079 2917 cuncti
1106 2867 1302 2918 contra
1327 2860 1522 2917 omina
1545 2858 1784 2938 bellum,

373 2936 590 2996 Contra
614 2936 945 3013 fata¹defim‚
972 2955 1242 3015 perverso
1268 2938 1505 2996 numine
1532 2949 1813 3016 poscunt:
1835 2934 1842 2939 ⁰
1891 2992 1898 2997 ,

373 3015 650 3074 Certatim
677 3016 1227 3092 regiscircumstant
1251 3025 1405 3075 tecta
1430 3017 1641 3076 Latini.
1687 3040 1696 3043 ·

375 3092 502 3169 Ille,
528 3093 690 3152 velut
712 3093 901 3172 pelagi
927 3113 1101 3172 rupes
1125 3095 1382 3172 immota,
1410 3097 1657 3170 resistit3

380 3170 496 3246 [Ut
518 3172 709 3250 pelagi
734 3190 1159 3250 mpes5magno
1183 3174 1455 3232 veniente
1481 3173 1753 3252 fragoi'e,]

376 3251 525 3323 Quae
552 3270 700 3327 sese,
728 3252 924 3310 multis
951 3249 1169 3310 circum
1196 3252 1533 3313 latrantibus
1558 3251 1747 3326 undis,

374 3328 537 3386 Mole
564 3337 759 3389 tenet:
804 3331 1023 3408 scopuli
1049 3330 1439 3408 nequidquam
1469 3339 1528 3389 et
1553 3348 1792 3407 spumea
1817 3325 2033 3388 citcum

376 3407 530 3464 Saxa
554 3406 822 3482 fremunt,
849 3409 1124 3485 laterique
1149 3408 1299 3467 illisa
1324 3407 1811 3484 refundituralga.

372 3480 616 3558 Veram,
643 3484 745 3543 ubi
768 3487 926 3544 nulla
952 3488 1117 3546 datur
1141 3506 1359 3565 caecum
1388 3504 1734 3561 exsuperare
1756 3492 2009 3563 potestas

375 3562 806 3638 Consilium‚·et
832 3583 1002 3622 saevae
1030 3573 1187 3624 nutu
1201 3564 1444 3623 Junonis
1472 3571 1615 3621 eunt
1638 3583 1749 3640 res,

374 3640 564 3698 Multa
590 3640 729 3698 deos
757 3660 1034 3717 aurasque
1057 3651 1220 3718 pater
1244 3650 1481 3701 testatus
1508 3642 1729 3718 inanes,

374 3714 734 3792 Frangimur,
763 3714 912 3774 heu!
956 3719 1102 3791 fatis,
1132 3721 1333 3797 inquit,
1364 3718 1711 3800 serimurque
1735 3719 2005 3800 procella.

376 3796 498 3875 Ipsi
523 3795 628 3853 has
656 3793 932 3870 sacrilego
956 3797 1221 3874 pendetis
1248 3796 1524 3870 sanguine
1551 3819 1769 3878 poenas,

2201 729 2206 732 .
2221 685 2336 739 555

2220 1071 2334 1125 560

2217 1463 2332 1516 565

2213 1850 2329 1926 ⁶⁷9

2211 2240 2327 2295 575

2167 3370 2320 3466 ’590

2207 3800 2321 3855 595
