2717 4300
367 304 473 365 ιω
929 331 940 367 ;
1168 282 1540 359 animnos

361 450 609 534 Accepit
634 453 830 530 galeas
871 458 933 509 et
956 451 1174 528 primus
1202 451 1452 509 elamore
1479 451 1737 510 secundo

264 600 268 605 ,
362 533 693 610 Hyrtacidae
719 539 852 593 ante
878 542 1081 587 o'mnes
1108 528 1231 588 exit
1254 530 1421 587 locus
1442 529 1909 606 Hippocoontis:

365 612 561 683 Quem
588 608 759 669 modo
786 608 977 666 navali
1004 608 1353 665 Mnestheus
1380 607 1694 666 certamine
1719 608 1906 667 victor

362 689 770 766 Consequitur,
797 686 967 745 viridi
994 686 1342 744 Mnestheus
1371 687 1637 744 evinctus
1663 685 1835 743 olivi.

362 764 596 825 Tertius
625 766 930 841 Eurytion,
957 772 1108 838 tuus,
1137 783 1172 821 o
1200 764 1533 838 clarissime,
1560 764 1752 838 frater,
1790 818 1797 823 .

360 843 643 918 Pandare,
672 844 772 921 qui
799 843 1109 919 quondam,
1130 844 1328 920 jussus
1356 842 1710 900 confundere
1736 841 1945 917 foedus,

362 922 431 978 In
462 922 683 979 medios
710 921 890 979 telum
918 921 1130 978 torsisti
1155 920 1374 996 primus
1401 920 1676 978 Achivos.

359 999 677 1058 Extremus
704 998 986 1076 galeaque
1012 998 1133 1055 ima
1160 997 1422 1056 subsedit
1440 999 1718 1071 Acestes3

358 1077 556 1136 Ausus
583 1087 642 1136 et
667 1079 791 1155 ipse
819 1096 994 1134 manu
1014 1079 1299 1155 juvenum
1327 1085 1548 1135 tentare
1574 1077 1853 1134 laborem.

360 1154 515 1212 Tum
540 1155 746 1213 validis
771 1154 955 1215 flexos
982 1156 1287 1213 incurvant
1309 1155 1527 1212 viribus
1548 1174 1717 1213 arcus

360 1231 476 1290 Pro
505 1253 568 1291 se
594 1233 837 1311 quisque
862 1233 990 1308 viri,
1020 1240 1078 1291 et
1104 1233 1448 1309 depromunt
1472 1234 1588 1291 tela
1611 1233 1929 1311 pharetris:

360 1309 667 1388 Primaque
692 1330 798 1388 per
823 1310 1035 1371 coelum
1064 1329 1240 1368 nervo
1270 1312 1545 1369 stridente
1573 1313 1778 1388 sagitta

361 1388 693 1465 Hyrtacidae
712 1389 947 1468 juvenis
973 1389 1238 1447 volucres
1258 1390 1584 1448 diverberat
1608 1409 1792 1466 auras,

353 1466 445 1527 Εἰ
466 1468 645 1542 venit,
675 1469 1012 1544 adversique
1038 1467 1293 1544 infigitur
1319 1467 1519 1526 arbore
1546 1469 1702 1526 mali.

361 1544 668 1603 Intremuit
693 1545 897 1619 malus,
926 1545 1229 1620 timuitque
1257 1546 1528 1603 exterrita
1551 1544 1763 1622 pennis

359 1623 521 1696 Ales,
551 1630 610 1681 et
635 1623 855 1699 ingenti
881 1630 1195 1681 sonuerunt
1220 1624 1417 1682 omnia
1440 1624 1666 1701 plausu.
1770 1656 1777 1661 -

360 1696 504 1759 Post
530 1719 661 1758 acer
685 1700 1032 1763 Mnestheus
1059 1702 1304 1759 adducto
1326 1702 1580 1762 constitit
1607 1721 1765 1778 arcu,

359 1777 497 1836 Alta
514 1786 757 1855 petens3
799 1778 1128 1856 pariterque
1155 1780 1358 1837 oculos
1384 1780 1989 1857 telumque'tetendit:

357 1857 471 1917 Ast
494 1857 680 1932 ipsam
707 1856 1065 1916 miserandus
1089 1876 1259 1915 avem
1287 1859 1623 1935 contingere
1648 1858 1798 1917 ferro

360 1933 425 1992 N
426 1953 499 1990 on
525 1934 737 2007 valuit3
779 1937 963 1992 nodos
989 1947 1049 1993 et
1071 1935 1307 1993 vincula
1331 1936 1489 1994 linea
1519 1957 1584 1995 ru
1627 1937 1692 2011 it,

362 2011 550 2082 Queis
576 2012 791 2070 innexa
813 2013 1024 2089 pedem
1052 2013 1205 2071 malo
1230 2015 1523 2090 pendebat
1550 2034 1584 2073 a
1649 2015 1782 2074 alto.

362 2087 473 2146 Illa
498 2090 686 2148 Notos
715 2097 885 2167 atque
911 2098 1033 2154 atra
1057 2091 1258 2150 volans
1281 2092 1344 2150 in
1374 2091 1572 2152 nubila
1589 2093 1754 2169 fugit.

361 2167 515 2226 Tum
544 2169 795 2246 rapidus,
817 2170 1158 2247 jamdudum
1186 2190 1320 2229 arcu
1347 2180 1617 2231 contenta
1639 2179 1839 2249 parato

359 2245 510 2306 ¹Tela
535 2255 758 2323 tenenS,
785 2248 1016 2307 fratrem
1044 2248 1330 2326 Eurytion
1355 2251 1420 2308 in
1445 2259 1581 2309 vota
1598 2251 1846 2327 vocavit,

358 2324 396 2383 J
399 2344 492 2384 am
519 2346 704 2384 vacuo
728 2326 922 2386 laetam
950 2327 1097 2385 coelo
1125 2328 1489 2404 speculatus3
1532 2337 1592 2387 et
1611 2329 1714 2386 alis

359 2402 742 2464 Plaudentem
767 2405 931 2481 nigra
957 2405 1084 2479 figit
1109 2404 1215 2462 sub
1242 2405 1398 2463 nube
1426 2405 1770 2463 columbam.

360 2481 599 2541 Decidit
625 2482 927 2557 exanimis,
956 2482 1252 2559 vitamque
1278 2483 1511 2559 reliquit
1534 2484 1595 2541 in
1623 2484 1787 2542 astris

359 2560 663 2635 AEtheriis,
692 2560 982 2637 fixamque
1009 2560 1180 2618 refert
1206 2561 1440 2637 delapsa
1466 2562 1746 2636 sagittam.

359 2638 592 2698 Amissa
619 2637 775 2695 solus
800 2638 994 2715 palma
1022 2638 1327 2715 superabat
1351 2640 1628 2710 Acesten

364 2714 486 2785 Qui
512 2723 708 2773 tamen
736 2715 918 2772 aerias
944 2715 1124 2773 telum
1151 2716 1445 2774 contendit
1473 2716 1534 2773 in
1565 2735 1749 2793 auras,

363 2791 673 2850 Ostentans
701 2801 996 2868 artemque
1022 2800 1202 2870 pater,
1232 2812 1541 2871 arcumque
1569 2803 1887 2853 sonantem.

361 2868 484 2927 Hic
511 2870 696 2928 oculis
724 2870 975 2928 subitum
1001 2871 1271 2929 ob'icitur
1296 2892 1620 2949 magnoque
1647 2872 1901 2932 futurum

359 2949 619 3024 Augurio
647 2957 963 3006 monstrum
988 2969 1002 3007 t
1087 2950 1245 3008 ocuit
1267 2948 1400 3028 post
1427 2952 1617 3011 exitus
1644 2953 1884 3029 ingens3

363 3026 621 3103 Seraque
649 3027 879 3085 terrifici
907 3028 1241 3087 cecinerunt
1268 3031 1467 3088 omina
1492 3039 1673 3090 vates.

360 3104 635 3183 Namque
661 3105 862 3164 volans
888 3106 1207 3183 liquidis·in
1234 3108 1485 3167 nubibus
1513 3110 1648 3168 arsit
1674 3108 1910 3180 arundo,

363 3183 738 3261 Signavitque
764 3185 918 3243 viam
946 3185 1215 3261 fiammis,
1244 3194 1566 3263 tenuesque
1595 3185 1834 3246 recessit

362 3261 723 3340 Consumpta
746 3264 806 3321 in
835 3273 1072 3323 ventos:
1117 3265 1265 3323 coelo
1294 3285 1403 3324 ceu
1431 3263 1588 3343 saepe
1616 3264 1798 3322 refixa

361 3337 782 3400 Transcurrunt
807 3343 1142 3419 crinemque
1168 3344 1422 3402 volantia
1448 3344 1635 3402 sidera
1660 3343 1900 3401 ducunt.

360 3416 635 3476 Attonitis
662 3417 885 3478 haesere
915 3421 1140 3496 animis,
1169 3439 1520 3499 superosque
1546 3420 1782 3498 precati,

361 3492 646 3553 Trinacrii
673 3497 1004 3575 Teucrique
1030 3500 1174 3557 viri:
1215 3519 1327 3557 nee
1354 3500 1643 3557 maximus
1669 3503 1843 3558 omen

358 3568 582 3630 Abnuit
607 3573 863 3648 AEneas;
907 3578 1007 3635 sed
1035 3577 1234 3636 laetum
1266 3579 1570 3655 amplexus
1595 3578 1851 3636 Acesten

360 3648 709 3708 Muneribus
738 3654 994 3711 cumulat
1017 3656 1262 3730 mag-nis,
1292 3675 1360 3713 ac
1386 3657 1524 3714 talia
1549 3656 1730 3715 satur:

364 3726 563 3803 Sume,
591 3736 783 3805 pater3
826 3750 962 3787 nam
989 3739 1045 3788 te
1071 3734 1253 3792 voluit
1279 3753 1384 3791 rex
1410 3747 1652 3811 magnus
1679 3734 1919 3814 Olympi

360 3803 603 3866 Talibus
631 3808 902 3887 auspiciis
930 3818 1218 3868 exsortem
1246 3813 1461 3870 ducere
1487 3812 1755 3873 honores.

2209 768 2322 823 495

2206 1550 2320 1605 505

2205 1940 2320 1994 510

2203 2331 2319 2385 615

2203 2720 2317 2773 520

2202 3111 2317 3165 525
