2717 4300
1136 276 1368 336 mssa
1403 279 1503 366 iv.

366 423 659 485 Praeterea
683 423 792 484 fuit
816 423 876 482 in
903 425 1072 485 tectis
1099 427 1173 485 de
1199 446 1482 487 marmore
1509 428 1791 505 templum

368 504 650 579 Con'ugis
676 503 915 580 antiqui,
942 503 1087 561 miro
1115 505 1269 581 quod
1294 503 1515 561 honore
1544 505 1787 581 colebat,

367 580 484 638 Vel
509 581 702 639 eribus
729 580 914 638 niveis
943 588 1003 638 et
1027 580 1174 639 festa
1200 581 1402 639 fronde
1429 582 1749 641 revinctum
1772 603 1787 640 ε

369 657 529 716 Hinc
558 657 820 716 exaudiri
836 676 1022 715 voces
1050 667 1109 719 et
1132 657 1310 717 verba
1333 660 1593 717 vocantis

367 735 514 794 Visa
538 736 667 811 viri,
696 754 814 792 nox
840 755 1019 811 quum
1045 744 1222 794 terras
1249 735 1492 793 obscura
1516 745 1777 812 teneret3

371 814 622 890 Solaque
648 812 994 871 culminibus
1020 813 1183 881 ferali
1208 814 1460 871 carmine
1485 811 1642 873 bubo

370 890 539 968 Saepe
568 890 747 967 queri,
776 898 836 948 et
858 890 1058 967 longas
1084 892 1144 948 in
1170 891 1371 949 fletum
1398 891 1609 949 ducere
1635 911 1826 952 voces.

370 969 674 1044 Multaque
700 974 979 1045 praeterea
1003 976 1196 1026 vatum
1223 968 1503 1045 praedicta
1525 970 1777 1048 priorum

369 1045 640 1103 Terribili
660 1045 880 1103 monitu
906 1045 1250 1104 horrificant.
1332 1046 1477 1121 Agit
1501 1046 1626 1123 ipse
1652 1047 1937 1107 furentem

372 1122 441 1181 In
466 1123 683 1182 somnis
708 1123 864 1181 ferus
889 1123 1145 1181 AEneas:
1187 1142 1529 1200 semperque
1555 1125 1805 1202 relinqui

373 1201 509 1258 Sola
534 1201 661 1276 sibi,
690 1220 812 1259 sem
856 1220 919 1258 er
943 1201 1175 1276 longam
1200 1201 1534 1259 incomitata
1559 1203 1787 1261 videtur

372 1278 465 1335 Ire
491 1279 663 1353 viam,
692 1287 751 1337 et
773 1220 986 1355 prrios
1014 1278 1242 1337 deserta
1268 1297 1525 1355 quoerere
1552 1281 1719 1336 terra.

370 1356 765 1415 Eumenidum
788 1356 975 1414 veluti
1003 1355 1243 1414 demens
1268 1356 1430 1415 videt
1449 1356 1678 1432 agmina
1701 1357 2018 1435 Pentheus,

369 1434 453 1492 Et
478 1435 659 1492 solem
685 1434 1001 1511 geminum,
1032 1441 1092 1493 et
1118 1434 1378 1514 duplices
1406 1454 1469 1492 se
1497 1435 1799 1494 ostendere
1826 1435 2098 1497 Thebas:

368 1514 490 1572 Aut
511 1513 1007 1589 Agamemnonius
1034 1513 1222 1571 scenis
1250 1513 1494 1589 agitatus
1523 1511 1776 1590 Orestes,
1798 1516 1805 1521 ’

365 1591 666 1648 Armatam
693 1590 912 1650 facibus
939 1598 1176 1649 matrem
1205 1597 1263 1648 et
1288 1589 1651 1683 serpentibus
1672 1592 1805 1651 atris

372 1668 568 1740 Quum
594 1667 755 1744 fugit,
783 1667 1126 1745 ultricesque
1153 1668 1359 1726 sedent
1384 1688 1444 1726 in
1471 1668 1673 1729 limine
1699 1670 1877 1728 Dirae.

450 1745 608 1820 Ergo
635 1745 735 1803 ubi
761 1747 1026 1823 concepit
1048 1746 1220 1804 furias
1249 1746 1437 1804 evicta
1461 1746 1675 1822 dolore,

371 1823 762 1902 Decrevitque
782 1823 945 1900 mori,
972 1831 1200 1900 tempus
1227 1842 1426 1882 secum
1454 1824 1581 1901 ipsa
1605 1825 1955 1904 modumque

372 1899 591 1979 Exigit,
619 1907 696 1975 et,
723 1908 985 1960 moestam
1012 1902 1181 1960 dictis
1212 1919 1480 1977 aggressa
1504 1920 1774 1979 sororem,

371 1978 691 2037 Consilium
715 1979 881 2038 vultu
905 1979 1066 2055 tegit,
1097 1998 1164 2039 ac
1191 1998 1354 2056 spem
1381 1978 1565 2037 fronte
1593 1974 1852 2053 serenat:

373 2056 603 2132 Inveni,
624 2075 912 2133 germana,
938 2057 1094 2116 viam
1129 2055 1378 2135 (gratare
1405 2057 1610 2135 sorori)
1854 2055 1859 2061 ’

372 2135 523 2208 Quae
551 2135 697 2193 mihi
723 2135 925 2194 reddat
950 2155 1103 2211 eum,
1131 2134 1224 2194 vel
1252 2154 1321 2192 eo
1349 2153 1443 2192 me
1472 2134 1655 2194 solvat
1681 2144 1987 2196 amantem.

372 2213 590 2272 Oceani
616 2213 791 2271 finem
810 2215 981 2292 juxta
1006 2214 1303 2292 solemque
1330 2213 1654 2288 cadentem,

370 2291 625 2352 Ultimus
650 2291 995 2368 AEthiopum
1020 2292 1184 2350 locus
1212 2298 1318 2364 est,
1345 2289 1449 2347 ubi
1474 2290 1762 2348 maximus
1788 2290 1953 2351 Atlas

371 2370 560 2427 Axem
587 2369 828 2427 humero
855 2378 1083 2448 torquet
1108 2369 1287 2428 stellis
1315 2367 1646 2427 ardentibus
1675 2376 1889 2445 aptum.

372 2447 528 2505 Hinc
555 2447 700 2504 mihi
726 2447 1000 2524 Massylae
1027 2447 1213 2523 gentis
1239 2453 1552 2506 monstrata
1576 2447 1862 2522 sacerdos»,

372 2524 758 2602 Hesperidum
785 2526 985 2604 templi
1012 2536 1223 2601 custos,
1253 2524 1569 2601 epulasque
1595 2525 1830 2582 draconi

373 2602 522 2673 Quae
551 2602 739 2677 dabat,
767 2612 827 2662 et
851 2619 1042 2662 sacros
1068 2602 1329 2663 servabat
1354 2603 1417 2661 in
1446 2603 1645 2662 arbore
1672 2622 1878 2679 ramos,

374 2681 415 2739 S
455 2699 658 2757 argens
684 2681 920 2739 humida
946 2682 1119 2742 mella
1144 2681 1637 2760 soporiferumque
1662 2700 1932 2760 papaver.

434 2778 518 2817 aec
545 2779 622 2817 se.
635 2759 984 2817 carminibus
1010 2760 1291 2837 promittit
1316 2760 1538 2818 solvere
1566 2767 1793 2819 mentes

372 2836 534 2907 Quas
560 2837 718 2912 velit,
748 2846 833 2895 ast
857 2837 982 2896 aliis
1009 2840 1177 2897 duras
1202 2838 1510 2896 immittere
1538 2856 1700 2897 curas
1721 2858 1755 2912 3=

374 2915 585 2973 Sistere
613 2934 820 2992 aquam
848 2914 1059 2989 fluviis,
1088 2925 1148 2974 et
1171 2923 1395 2975 vertere
1422 2916 1609 2973 sidera
1634 2924 1818 2974 retroz

370 2992 433 3050 N
434 3001 817 3069 octurnosque
845 2993 963 3051 ciet
986 2993 1197 3051 Manes
1220 3012 1235 3050 z
1277 2994 1499 3069 mugire
1525 2992 1748 3051 videbis

374 3070 493 3132 Sub
518 3071 762 3148 pedibus
788 3079 1016 3146 terram,
1044 3078 1103 3128 et
1124 3070 1475 3129 descendere
1502 3071 1792 3130 montibus
1819 3089 2031 3131 ornos..

372 3148 594 3223 Testor,
623 3168 770 3223 cara,
799 3150 957 3223 deos,
988 3156 1048 3207 et
1071 3156 1149 3224 te,
1178 3167 1467 3224 germana,
1494 3157 1776 3226 tuumque

372 3226 561 3284 Dulce
588 3235 778 3303 caput,
807 3227 1056 3303 magicas
1085 3225 1322 3285 invitam
1351 3228 1642 3303 accingier
1668 3235 1834 3286 artes.

370 3304 465 3362 Tu
492 3312 714 3363 secreta
736 3324 934 3381 pyram
962 3312 1114 3363 tecto
1141 3304 1409 3363 interiore
1438 3305 1546 3362 sub
1572 3324 1737 3362 auras

370 3381 582 3457 Erige3
625 3390 685 3441 et
709 3401 868 3441 arma
891 3382 1018 3459 viri,
1047 3383 1298 3441 thalamo
1326 3402 1458 3459 quae
1486 3383 1605 3440 fixa
1628 3381 1858 3458 reliquit

371 3458 611 3537 Impius,
641 3460 997 3538 exuviasque
1025 3480 1246 3537 omnes,
1275 3460 1605 3537 lectumque
1636 3458 1901 3534 'ugalem,

370 3537 505 3608 Quo
530 3539 694 3615 perii,
717 3540 1165 3617 superimponas·
1248 3538 1501 3598 Abolere
1528 3556 1602 3595 ne
1628 3536 1760 3595 andi
1967 3582 1976 3592 .

370 3614 596 3674 Cuncta
619 3617 730 3676 viri
751 3625 1128 3675 monumenta
1143 3617 1317 3695 jubet
1341 3623 1731 3693 monstratque
1760 3614 2042 3681 sacerdos.

370 3693 517 3751 Haec
543 3694 717 3754 effata
741 3696 888 3754 silet.
968 3695 1163 3754 Pallor
1189 3694 1361 3754 simul
1391 3703 1634 3772 occupat
1657 3714 1775 3753 ora.
1902 3707 1907 3712 ’

367 3771 431 3831 N
431 3792 505 3830 on
532 3779 727 3831 tamen
754 3772 930 3831 Anna
954 3773 1117 3832 novis
1142 3779 1460 3852 praetexere
1487 3773 1687 3834 funera
1711 3772 1890 3834 sacris

2225 284 2331 345 148

2208 664 2325 720 460

2206 1052 2322 1107 46ῦ

2202 1439 2322 1497 470

2202 1827 2322 1884 478

2205 2995 2322 3050 490

2205 3384 2323 3442 496

2204 3773 2323 3829 500
