2717 4300
348 328 454 388 112
1151 322 1516 383 AENEmos

346 480 429 540 Et
451 477 783 539 tremefacta
808 494 1033 536 comam
1062 494 1346 534 concusso
1373 475 1589 533 vertice
1616 483 1812 550 nutat3

346 557 701 617 Vulneribus
729 558 914 614 donec
942 556 1219 632 paulatim
1247 555 1453 628 evicta,
1481 552 1813 631 supremum
2190 561 2309 616 630

347 636 716 711 Congemuit,
744 635 1031 710 traxitque
1048 634 1208 711 jugis
1234 631 1434 689 avulsa
1460 633 1703 690 ruinam.

347 714 678 787 Descende,
709 732 797 787 ac,
828 714 1078 770 ducente
1104 713 1234 784 deo,
1263 710 1552 767 flammam
1580 710 1729 769 inter
1755 718 1816 769 et
1839 711 2039 771 hostes

347 792 680 868 Expediorz
724 793 863 848 dant
887 791 1003 849 tela
1028 790 1238 863 locum,
1265 789 1630 865 flammaeque
1658 790 1951 848 recedunt.

423 872 618 945 Atque
645 868 745 926 ubi
763 872 884 946 jam
916 869 1113 945 patriae
1141 877 1478 944 perventum
1510 867 1581 924 ad
1612 867 1811 926 limina
1836 869 2010 945 sedis,

346 949 741 1023 Antiquusque
770 949 990 1022 domos,
1019 947 1259 1021 genitor,
1289 964 1465 1021 quem
1492 945 1693 1003 tollere
1720 947 1780 1003 in
1810 946 1953 1005 altos
2187 951 2305 1006 635

347 1027 634 1103 Optabam
661 1026 908 1102 primum
942 1033 1184 1098 montes,
1212 1025 1586 1100 primumque
1612 1023 1901 1101 petebam,

343 1105 613 1179 Abnegat
637 1104 832 1160 excisa
858 1104 1034 1162 vitam
1060 1104 1378 1179 producere
1402 1101 1599 1180 Trojfi,

346 1182 750 1257 Exsiliumque
778 1182 913 1258 pati.
999 1182 1123 1239 Vos
1151 1199 1206 1256 o,
1236 1180 1444 1257 quibus
1471 1181 1694 1255 integer
1720 1182 1831 1239 aevi

348 1260 611 1335 Sanguis,
635 1261 730 1334 ait,
760 1261 1071 1336 solidaeque
1099 1278 1203 1317 suo
1230 1267 1383 1317 stant
1408 1258 1611 1316 robore
1637 1259 1809 1336 vireS,

345 1338 489 1412 Vos,
520 1338 727 1413 agitate
754 1338 965 1413 sugam.
2184 1343 2304 1398 640

348 1416 451 1474 Me
480 1416 528 1474 si
556 1415 831 1474 coelicolae
857 1416 1175 1473 voluissent
1202 1416 1414 1472 ducere
1437 1415 1636 1490 vitam,

347 1494 472 1552 Has
499 1495 641 1552 mihi
669 1494 993 1552 servassent
1018 1495 1219 1551 sedes:
1264 1490 1403 1550 satis
1427 1512 1545 1550 una
1570 1512 1855 1571 superque

347 1571 614 1630 Vidimus
643 1574 885 1646 excidia,
917 1583 974 1629 et
1002 1581 1184 1648 captoe
1215 1573 1608 1648 superavimus
1632 1571 1777 1630 urbi.

348 1650 446 1707 sio
466 1671 521 1725 o,
550 1650 631 1708 sic
657 1651 907 1728 positum
936 1650 1095 1707 affati
1125 1650 1405 1707 discedite
1434 1668 1657 1727 corpus.

347 1727 375 1784 Ι
418 1747 480 1785 se
507 1748 678 1803 manu
709 1738 948 1786 mortem
975 1727 1304 1801 inveniam3
1348 1727 1713 1788 miserebitur
1737 1729 1943 1806 hostis,
2182 1735 2305 1790 645

346 1748 722 1885 ἕιυνίαεῳιε
747 1814 905 1883 petet
927 1826 941 1864 t
984 1806 1166 1864 facilis
1186 1809 1412 1886 jactura
1439 1807 1698 1877 sepulcri.

341 1885 470 1946 Jam
499 1886 720 1963 pridem
747 1885 965 1944 invisus
992 1885 1159 1960 divis,
1187 1895 1246 1943 et
1272 1884 1512 1960 inutilis,
1543 1905 1722 1945 annos

344 1964 645 2043 Demoror,
675 1983 750 2022 ex
777 1984 892 2041 quo
916 1982 1011 2022 me
1038 1964 1236 2022 divum
1262 1974 1427 2040 pater
1453 1973 1622 2040 atque
1650 1962 1952 2022 hominum
1977 1982 2083 2024 rex

343 2042 628 2102 Fulminis
656 2042 869 2100 afflavit
892 2043 1080 2101 ventis
1107 2050 1167 2100 et
1193 2043 1432 2117 contigit
1456 2042 1596 2118 igni.

344 2121 513 2180 Talia
536 2121 823 2199 perstabat
847 2139 1188 2196 memoranS,
1218 2121 1484 2198 fixusque
1513 2120 1797 2181 manebat.
2186 2126 2304 2180 650

343 2200 472 2261 Nos
498 2198 695 2258 contra
723 2199 891 2258 effusi
921 2200 1206 2277 lacrymis,
1236 2203 1566 2279 conjuxque
1595 2202 1833 2276 Creiisa,

344 2279 765 2357 Ascaniusque,
795 2279 1098 2357 omnisque
1123 2281 1352 2354 domuS,
1382 2298 1457 2337 ne
1486 2289 1707 2338 vertere
1734 2297 1932 2337 secum

344 2359 572 2417 Cuncta
594 2368 773 2436 pater,
802 2359 1029 2434 fatoque
1058 2359 1279 2433 urgenti
1307 2357 1666 2431 incumbere,
1694 2357 1889 2415 vellet.

344 2436 630 2512 Abnegat,
659 2437 1006 2514 inceptoque
1035 2444 1094 2493 et
1120 2436 1355 2493 sedibus
1383 2435 1565 2493 haeret
1592 2436 1650 2491 in
1679 2433 1883 2492 isdem.

341 2515 568 2573 Rursus
595 2515 655 2572 in
685 2533 843 2572 arma
868 2515 1034 2589 feror,
1064 2523 1423 2590 mortemque
1450 2513 1803 2571 miserrimus
1829 2521 1986 2592 opto.
2184 2518 2303 2573 655

342 2593 499 2651 Nam
527 2593 679 2669 quod
708 2593 1033 2667 consilium,
1064 2601 1164 2649 aut
1189 2611 1317 2669 quae
1338 2595 1461 2669 jam
1489 2591 1715 2649 fortuna
1741 2591 2020 2651 dabatur?

343 2671 525 2730 Mene
547 2670 755 2734 ⁸efferre
781 2672 1015 2747 pedem,
1046 2670 1285 2744 genitor,
1317 2678 1374 2727 te.
1401 2688 1570 2745 posse
1596 2670 1795 2728 relicto

348 2748 388 2805 S
432 2749 645 2806 erasti?
686 2757 1022 2825 tantumque
1050 2748 1211 2805 nefas
1238 2749 1424 2825 patrio
1451 2748 1670 2806 excidit
1696 2752 1836 2807 ore?

437 2826 580 2883 nihil
608 2844 684 2883 ex
711 2827 868 2884 tanta
895 2826 1116 2904 superis
1140 2827 1333 2903 placet
1357 2826 1501 2884 urbe
1528 2827 1793 2904 relinqui,

343 2903 427 2962 Et
452 2905 616 2962 sedet
640 2904 753 2962 hoc
782 2906 996 2979 animo,
1022 2906 1407 2982 perituraeque
1435 2907 1645 2964 addere
1666 2907 1860 2987 Trojoe
2185 2910 2303 2965 660

341 2981 550 3059 Teque
575 2991 815 3061 tuosque
836 2986 1037 3061 juvat3
1079 2993 1239 3059 patet
1264 2985 1359 3042 isti
1379 2987 1562 3062 janua
1586 2985 1738 3043 leto:

338 3060 589 3139 Jamque
616 3061 797 3120 aderit
822 3062 1004 3121 multo
1032 3063 1247 3121 Priami
1274 3065 1348 3121 de
1376 3065 1656 3140 sanguine
1684 3063 1960 3140 Pyrrhus,

341 3140 561 3201 Natum
591 3148 723 3200 ante
751 3160 849 3197 ora
873 3142 1068 3218 patris,
1096 3151 1319 3218 patrem
1348 3143 1447 3219 qui
1475 3142 1778 3201 obtruncat
1804 3142 1876 3199 ad
1905 3160 2047 3198 aras.

342 3217 474 3277 H‘oe
504 3229 641 3294 erat,
670 3219 821 3277 alma
845 3239 1071 3297 parens,
1100 3218 1256 3297 quod
1287 3240 1381 3278 me
1408 3241 1512 3298 per
1536 3221 1670 3294 tela,
1696 3238 1801 3296 per
1826 3219 1990 3295 ignes

341 3296 557 3373 Eripis,
585 3307 649 3357 ut
676 3299 880 3356 mediis
906 3299 1131 3358 hostem
1159 3299 1217 3356 in
1247 3299 1655 3376 penetralibus,
1684 3307 1865 3374 utque
2184 3302 2303 3356 665

340 3376 677 3450 Ascanium,
705 3387 1041 3456 patremque
1067 3397 1287 3453 meum,
1308 3376 1591 3457 juxtaque
1620 3378 1923 3452 Creiisam,

340 3452 600 3512 Alterum
631 3454 691 3518 iu
720 3456 951 3515 alterius
978 3465 1256 3516 mactatos
1285 3456 1563 3532 sanguine
1590 3457 1863 3513 cernam?

341 3532 538 3603 Arma,
566 3532 694 3607 viri,
724 3533 866 3591 ferte
894 3554 1082 3592 arma:
1124 3543 1295 3593 vocat
1322 3536 1424 3593 lux
1450 3533 1652 3591 ultima
1677 3534 1881 3593 victos.

341 3607 595 3667 Reddite
623 3628 716 3667 me
744 3612 983 3687 Danais,
1013 3613 1183 3671 sinite
1210 3613 1519 3670 instaurata
1544 3612 1790 3670 revisam
1872 3677 1881 3682 K

341 3686 591 3749 Proelia:
633 3707 927 3765 nunquam
956 3709 1158 3748 omues
1185 3691 1359 3748 hodie
1389 3690 1701 3747 moriemur
1725 3690 1911 3749 inulti.
2182 3694 2301 3748 670

421 3767 579 3824 Hinc
610 3766 757 3823 ferro
785 3768 1058 3842 accingor
1082 3788 1296 3842 rursus,
1325 3770 1649 3845 clypeoque
1676 3770 1962 3829 sinistram

343 3844 697 3906 Insertabam
728 3854 948 3925 aptans,
978 3864 1185 3924 meque
1213 3855 1376 3905 extra
1402 3854 1555 3906 tecta
1581 3847 1855 3909 ferebam.
