2717 4300
1236 263 1470 325 LIBER
1506 263 1606 323 lv.

444 413 556 490 Te,
586 412 770 473 dulcis
797 414 1033 491 con’ux,
1060 421 1118 475 te
1144 413 1267 475 solo
1294 413 1354 475 in
1384 414 1573 475 littore
1600 433 1820 492 secum,
2293 419 2411 479 m

445 492 556 571 Te,
586 493 857 551 veniente
928 492 979 553 'e
1028 500 1106 568 te,
1134 492 1476 568 decedente,
1504 491 1766 552 canebat.
1901 534 1914 539 -
1971 492 1980 501 ”

440 571 742 629 Taenarias
769 572 943 631 etiam
993 589 1186 646 auces,
1216 572 1330 631 alta
1355 571 1502 631 ostia
1526 570 1702 648 Ditis,

448 648 531 713 Et
555 649 898 726 caligantem
925 649 1086 726 nigrai
1114 649 1418 727 formidine
1445 650 1662 722 lucum,

450 728 766 804 IngressuS,
795 728 1120 804 Manesque
1149 728 1306 804 adiit,
1337 747 1644 805 regemque
1671 728 2054 803 tremendum,
2117 798 2128 803 ἱ

447 806 509 865 N
512 806 779 883 esciaque
806 805 1074 865 humanis
1101 806 1372 884 precibus
1399 825 1797 867 mansuescere
1826 808 2033 882 corda-R
2290 808 2409 867 470

462 926 469 931 ,
494 931 499 935 -
526 887 607 947 At
631 893 802 942 cantu
829 894 1131 945 commotae
1162 885 1342 945 Erebi
1369 886 1442 943 de
1470 884 1702 946 sedibus
1728 885 1859 945 imis

443 961 685 1022 Umbrae
713 962 876 1021 ibant
901 972 1123 1043 ¹tenues,
1153 963 1570 1041 simulacraque
1598 962 1730 1024 luce
1758 962 2091 1039 carentium

452 1039 644 1111 Quam
671 1040 850 1099 multa
870 1041 936 1098 in
961 1041 1113 1100 soliis
1141 1043 1333 1100 avium
1360 1061 1424 1099 se
1453 1042 1633 1101 millia
1660 1043 1933 1117 condunt,

450 1119 680 1197 Vesper
703 1119 806 1178 ubi
833 1128 933 1178 aut
952 1119 1234 1180 ‘hibernus
1261 1121 1381 1203 agit
1405 1121 1478 1179 de
1507 1118 1801 1179 montibus
1829 1120 2050 1179 imber:
2153 1168 2156 1169 γ
2363 1168 2372 1175 .

450 1197 688 1274 Matres,
717 1207 885 1275 atque
913 1197 1040 1273 viri,
1069 1199 1452 1291 defunctaque
1480 1219 1722 1278 corpora⁸
1741 1199 1861 1259 vita
2291 1201 2410 1271 475

448 1276 884 1353 Magnanimum
915 1275 1179 1353 heroum,
1206 1297 1393 1355 pueri,
1422 1278 1798 1355 innuptaeque
1824 1276 2056 1355 puellae,

448 1354 826 1433 Impositique
853 1355 1005 1431 rogis
1018 1357 1274 1438 juvenes
1303 1365 1435 1415 ante
1463 1376 1561 1415 ora
1584 1357 1924 1434 parentsim3

453 1434 619 1505 Quos
639 1431 1056 1505 circumstlimus
1083 1435 1265 1511 niger,
1295 1442 1353 1493 et
1380 1434 1650 1493 deformis
1678 1435 1894 1494 arundo

449 1513 678 1590 Cocyti,
705 1513 978 1590 tardaque
1005 1513 1171 1593 palus
1198 1513 1522 1575 inamabilis
1550 1514 1706 1573 unda
1801 1585 1810 1589 -

448 1591 683 1667 Alligat,
713 1601 772 1651 et
796 1592 996 1653 novies
1028 1593 1173 1670 Styx
1198 1591 1476 1654 interfusa
1501 1596 1752 1653 coercet.
2292 1592 2411 1657 480

446 1669 611 1745 Quin
638 1671 780 1748 ipsae
809 1679 898 1728 stu
941 1667 1081 1733 uere
1110 1671 1335 1748 domus,
1365 1680 1537 1748 atque
1562 1671 1768 1749 intima
1793 1668 1924 1731 Leti
2045 1678 2052 1681 “

444 1746 708 1824 Tartara,
738 1767 854 1809 caer
918 1768 1133 1827 eosque
1161 1750 1239 1809 im
1281 1751 1431 1827 lexae
1460 1749 1715 1811 crinibus
1744 1768 1960 1825 angues

449 1827 828 1904 Eumenides,
859 1829 1160 1906 tenuitque
1186 1829 1247 1888 in
1290 1829 1415 1889 ians
1441 1829 1550 1897 tria
1584 1827 1871 1891 Cerberus
1898 1847 2016 1905 ora,

362 1904 383 1915 ‘
447 1907 638 1984 Atque
656 1906 881 1967 Ixionii
907 1916 1081 1969 vento
1110 1918 1230 1967 rota
1257 1907 1512 1967 constitit
1537 1906 1708 1966 orbiS.

447 1984 691 2061 Jamque
718 1985 925 2063 pedem
956 1982 1207 2050 referens
1233 2005 1402 2045 casus
1430 1995 1690 2047 evaserat
1717 2003 1939 2060 omnes,
2293 1988 2411 2048 ω

446 2063 815 2141 Redditaque
843 2063 1136 2141 Eurydice
1164 2084 1400 2142 superas
1426 2064 1702 2125 veniebat
1728 2064 1800 2123 ad
1829 2082 2014 2140 auras,

447 2139 612 2202 Pone
635 2162 904 2221 sequens,
928 2151 1180 2221 namque
1206 2143 1359 2206 hanc
1387 2144 1624 2204 dederat
1646 2142 1993 2221 Proserpina
2013 2141 2229 2220 legem,

451 2222 648 2293 Quum
677 2222 865 2284 subita
889 2223 1189 2285 incautum
1217 2223 1512 2282 dementia
1535 2223 1693 2301 cepit
1719 2231 2025 2295 amantem,

451 2300 811 2376 Ignoscenda
836 2301 1095 2379 quidem,
1122 2301 1337 2363 scirent
1364 2301 1413 2361 si
1440 2302 1737 2378 ignoscere
1766 2299 1995 2358 Manes.

449 2379 702 2455 Restitit,
732 2380 1183 2458 Eurydicenque
1211 2400 1377 2441 suam
1398 2382 1522 2459 jam
1549 2379 1682 2438 luce
1711 2376 1819 2437 sub
1845 2373 1992 2457 ipsa,
2291 2382 2413 2440 4⁹0

448 2458 779 2534 Immemor,
808 2459 964 2520 heu!
1006 2460 1310 2536 victusque
1339 2459 1535 2536 animi,
1563 2458 1837 2536 respexit.
1922 2455 2014 2517 Ibi
2040 2456 2231 2530 omnis

448 2536 690 2596 Effusas
717 2537 895 2614 labor,
926 2546 1098 2618 atque
1124 2538 1360 2598 immitis
1381 2547 1545 2617 rupta
1572 2537 1800 2615 tyranni

446 2616 940 2693 Foedera,·terque
962 2616 1149 2693 fragor
1175 2619 1395 2693 stagnis
1424 2618 1652 2690 auditus
1680 2614 1947 2676 Avernis.

452 2694 578 2771 Illa,
610 2695 761 2766 Quis
787 2704 847 2754 et
871 2709 985 2772 me,
1015 2695 1222 2776 inquit,
1250 2697 1539 2771 miseram,
1564 2705 1623 2755 et
1648 2703 1705 2755 te
1726 2694 2001 2774 perdidit,
2033 2692 2317 2772 Orpheu?

422 2774 603 2845 'Quis
630 2782 820 2833 tantus
846 2773 1041 2834 furor?
1083 2795 1156 2834 en
1185 2776 1391 2835 iterum
1419 2775 1675 2835 crudelia
1700 2783 1849 2846 retro
2295 2777 2416 2838 495

448 2853 502 2914 F
506 2861 599 2912 ata
622 2862 849 2929 vocant,
878 2853 1189 2935 conditque
1215 2855 1471 2914 natantia
1497 2854 1720 2914 lumina
1745 2872 2002 2913 somnus.

449 2921 484 2989 J
488 2951 694 3009 amque
720 2931 880 2990 vale:
926 2932 1077 2990 feror
1104 2934 1325 3011 ingenti
1352 2934 1707 2994 circumdata
1732 2941 1923 3008 nocte,

453 3010 860 3088 Invalidasque
890 3011 992 3071 tibi
1014 3012 1285 3089 tendens,
1310 3011 1467 3072 heu!
1512 3032 1629 3073 non
1656 3020 1776 3089 tua,
1803 3011 2043 3090 palmas.

452 3089 638 3163 Dixit,
667 3098 726 3150 et
752 3109 828 3148 ex
853 3090 1039 3152 oculis
1068 3088 1282 3167 subito,
1308 3110 1421 3150 ceu
1445 3090 1639 3152 fumus
1663 3092 1724 3149 in
1753 3109 1917 3150 auras

454 3168 820 3228 commixtus
846 3177 1075 3245 tenues,
1103 3171 1251 3246 fugit
1276 3169 1540 3240 diversa-;
1582 3189 1774 3248 neque
1800 3168 1968 3230 illum
2299 3168 2417 3226 500

449 3246 833 3308 Prensantem
860 3250 1248 3326 nequidquam
1276 3248 1525 3326 umbras,
1555 3257 1615 3308 et
1641 3247 1820 3307 multa
1837 3247 2131 3306 volentem

450 3325 688 3401 Dicere,
715 3335 998 3404 proeterea
1021 3328 1170 3390 vidit
1179 3347 1203 3402 3
1245 3347 1355 3387 nec
1381 3329 1618 3406 portitor
1645 3327 1785 3387 Orci

452 3402 722 3482 Amplius
750 3405 1036 3485 objectam
1062 3426 1268 3487 passus
1293 3406 1535 3468 transire
1560 3405 1852 3484 paludem.

454 3482 611 3555 Quid
638 3482 897 3548 faceret?
939 3483 1055 3568 quo
1078 3506 1141 3545 se
1169 3486 1331 3565 rapta
1355 3484 1448 3544 bis
1473 3486 1725 3563 conjuge
1751 3481 1967 3542 ferret?

440 3561 591 3634 ‘Quo
616 3562 758 3623 fletu
784 3563 1016 3640 Manes,
1044 3565 1160 3643 quii
1186 3565 1429 3629 numina
1453 3581 1602 3622 voce
1630 3561 1935 3624 moveret?
2196 3566 2203 3573 ’
2227 3582 2231 3587 ·
2298 3562 2423 3620 zob

444 3640 562 3704 lna
587 3641 822 3718 quidem
852 3644 1052 3721 Stygia
1073 3643 1253 3704 nabat
1270 3646 1395 3723 jam
1422 3641 1628 3719 frigida
1654 3639 1881 3718 cymba.

529 3719 771 3798 Septem
795 3721 960 3781 illum
988 3731 1137 3783 totos
1163 3722 1475 3801 perhibent
1501 3741 1576 3781 ex
1603 3722 1803 3781 ordine
1830 3738 2064 3806 menses

450 3798 629 3878 Rupe
657 3799 764 3858 sub
793 3801 966 3911 aerii,
998 3801 1211 3864 deserti
1240 3802 1311 3863 ad
1343 3802 1663 3881 Strymonis
1690 3800 1924 3875 undam,

2327 269 2414 341 '²1
