2717 4300
375 343 482 404 228
1180 319 1543 406 AENEmos

377 499 544 559 Ultro
575 498 796 558 animos
824 498 971 559 tollit
997 500 1183 575 dictis,
1214 508 1384 576 atque
1411 500 1671 577 increpat
1697 498 1843 557 ultro
1867 517 1881 557 ε

379 579 664 658 Trojanos
690 578 819 637 haec
849 587 1100 636 monstra
1123 587 1364 655 petunt;
1394 577 1485 635 his
1509 578 1737 654 Jup1ter
1761 578 1886 656 ipse

376 657 677 724 Auxilium
707 658 934 715 solitum
964 657 1210 733 eripuit:
1255 676 1373 714 uon
1401 655 1517 714 tela
1542 675 1652 713 nec
1682 657 1845 732 ignes

376 736 737 813 Exspectant
762 735 1034 793 Rutulos.
1119 735 1278 811 Ergo
1308 734 1487 792 maria
1512 734 1669 792 invia
1695 735 1959 811 Teucris,

375 814 436 871 N
439 834 506 871 ec
535 831 666 890 spes
697 814 811 871 ulla
836 814 1020 890 fugae:
1065 833 1254 871 renum
1281 832 1411 891 pars
1441 811 1617 870 altera
1643 813 1913 890 adempta
1938 821 2064 887 est;

375 891 556 949 Terra
583 900 774 950 autem
801 892 863 949 in
891 893 1098 950 nostris
1125 893 1428 965 manibus;
1472 900 1557 949 tot
1581 889 1761 949 millia
1787 901 1989 968 gentes

339 1021 345 1030 ,
376 972 555 1028 Arma
575 970 764 1029 ferunt
792 970 972 1028 Italae.
1056 971 1158 1029 Nil
1187 990 1290 1028 me·
1308 970 1504 1028 fatalia
1529 978 1760 1045 terrent,

376 1049 438 1105 Si
466 1069 582 1125 qua
603 1048 865 1126 Phryges
891 1068 1010 1125 prae
1040 1068 1103 1106 se
1123 1050 1345 1128 jactant
1371 1067 1644 1126 responsa
1671 1049 1929 1107 deorum.

375 1127 478 1185 Sat
503 1129 633 1186 fatis
660 1127 994 1203 Venerique
1024 1128 1218 1185 datum
1245 1125 1487 1203 tetigere
1509 1124 1667 1203 quod
1695 1146 1832 1185 arva

373 1206 606 1264 Fertilis
635 1206 910 1264 Ausoniae
940 1206 1162 1264 Troes:
1206 1213 1342 1264 sunt
1369 1215 1428 1264 et
1454 1202 1808 1264 mea'contra

379 1286 520 1343 Fata
548 1284 691 1342 mihi
718 1284 866 1343 ferro
895 1284 1229 1343 sceleratam
1257 1284 1598 1341 exscindere
1624 1291 1879 1360 gentem,

374 1364 639 1442 Conjuge
665 1363 966 1440 praerepta.
1049 1363 1112 1422 N
1114 1383 1182 1421 ec
1212 1363 1365 1421 solos
1391 1362 1575 1439 tangit
1600 1363 1831 1421 Atridas

374 1441 491 1500 Iste
519 1443 696 1517 dolor,
727 1442 980 1517 solisque
1007 1441 1144 1500 licet
1170 1461 1377 1520 capere
1405 1460 1563 1498 arma
1588 1441 1878 1518 Mycenis.

374 1521 491 1578 Sed
519 1520 758 1598 periisse
787 1519 967 1577 semel
995 1517 1131 1577 satis
1160 1530 1264 1577 est.
1341 1519 1600 1577 Peccare
1627 1519 1831 1579 suisset

372 1595 525 1657 Ante
554 1595 711 1673 satis„
742 1594 975 1676 penitus
1003 1595 1177 1655 modo
1206 1617 1323 1655 non
1352 1616 1539 1673 genus
1566 1616 1738 1656 omne
1764 1617 2001 1675 perosos

371 1676 773 1735 Foemineum:
817 1675 1025 1753 quibus
1053 1676 1181 1733 haec
1212 1671 1389 1734 medii
1417 1675 1634 1733 fiducia
1659 1668 1813 1752 valli,

372 1755 793 1832 Fossarumque
820 1753 1014 1829 morae,
1042 1754 1146 1813 leti
1173 1754 1507 1812 discrimina
1530 1773 1728 1832 parva,

372 1833 533 1892 Dant
559 1835 799 1892 animos·
883 1835 962 1892 At
989 1852 1105 1891 non
1132 1834 1401 1892 viderunt
1427 1833 1641 1891 moenia
1666 1832 1880 1912 Trojae,

370 1912 632 1990 Neptuni
659 1913 930 1971 fabricata
957 1932 1150 1988 manu,
1179 1912 1478 1970 considere
1505 1912 1566 1969 in
1593 1912 1802 1988 ignes?

373 1992 488 2049 Sed
518 2011 642 2066 vos,
671 2012 705 2050 o
733 1992 890 2066 lecti,
919 1991 1068 2049 ferro
1098 1991 1196 2070 qui
1227 1991 1491 2049 scindere
1517 1990 1735 2048 vallum

369 2071 647 2147 Apparet,
677 2079 736 2129 et
762 2070 1241 2136 mecuminvadit
1266 2069 1613 2146 trepidantia
1639 2072 1867 2128 castra?

369 2148 430 2207 N
434 2170 506 2207 on
537 2151 707 2209 armis
736 2148 878 2209 mihi
907 2148 1178 2226 Vulcani,
1208 2170 1324 2207 non
1355 2148 1513 2207 mille
1542 2147 1752 2207 carinis
1839 2188 1847 2193 ‹

371 2228 480 2286 Est
507 2249 653 2308 opus
679 2229 741 2287 in
769 2229 1093 2287 Teucrosff
1135 2228 1371 2287 Addant
1397 2248 1459 2286 se
1485 2236 1758 2305 protenus
1785 2245 1986 2286 omnes

371 2307 600 2366 Etrusci
628 2308 814 2367 socios
836 2328 852 2382 3
896 2307 1162 2366 tenebras
1191 2316 1251 2366 et
1276 2307 1483 2365 inertia
1509 2306 1655 2364 furta

375 2385 671 2464 [Palladii,
701 2387 866 2445 caesis
894 2406 1138 2444 summae
1168 2386 1502 2444 custodibus
1532 2386 1727 2463 arcis,]

367 2465 466 2524 Ne
494 2465 767 2540 timeant3
810 2485 920 2523 nec
950 2465 1084 2542 equi
1114 2466 1274 2523 caeca
1301 2462 1620 2522 condemur
1645 2464 1706 2522 in
1736 2463 1903 2527 alvo:

371 2544 528 2601 Luce
578 2541 793 2620 palam,
822 2553 1041 2602 certum
1072 2553 1163 2601 est
1190 2544 1309 2619 igni
1337 2543 1693 2601 circumdare
1724 2562 1934 2600 muros·

369 2587 548 2679 Haud
576 2622 684 2679 sibi
712 2630 844 2680 cum
872 2622 1094 2682 Danais
1118 2641 1241 2679 rem
1270 2620 1405 2678 faxo
1434 2630 1493 2679 et
1518 2620 1672 2696 pube
1700 2620 1947 2696 Pelasg‘aei

368 2700 517 2757 Esse
543 2708 765 2777 putent,
795 2700 1084 2758 decimum
1110 2719 1253 2776 quos
1281 2698 1500 2759 distulit
1524 2698 1760 2756 Hector
1783 2700 1846 2757 in
1873 2718 2106 2758 annum.

367 2778 546 2837 Nunc
576 2779 741 2854 adeo,
772 2778 976 2835 melior
1040 2778 1272 2835 uoniam
1301 2796 1432 2854 pars
1462 2788 1588 2834 acta
1615 2777 1750 2852 diei,

369 2857 542 2928 Quod
573 2863 851 2933 superest,
879 2856 995 2914 laeti
1064 2875 1173 2914 ene
1203 2857 1379 2932 gestis
1406 2865 1644 2934 corpora
1672 2856 1841 2915 rebus

372 2936 697 3010 Procurate‚
727 2935 868 3006 viri;
912 2943 970 2993 et
995 2955 1250 3012 pugnam
1279 2942 1504 3012 sperate
1528 2936 1729 3013 parati.

448 3014 677 3072 Interea
702 3013 940 3088 vigilum
970 3014 1230 3071 excubiis
1258 3013 1528 3084 obsidere
1557 3022 1748 3091 portas

369 3093 526 3151 Cura
553 3094 718 3151 datur
744 3092 1040 3169 Messap0‚
1071 3092 1129 3151 et
1156 3088 1372 3150 moenia
1399 3093 1631 3167 cingere
1657 3090 1921 3149 flammis·

368 3172 474 3230 Bis
502 3181 723 3250 septem
749 3170 972 3230 Rutulo
1001 3191 1194 3229 muros
1223 3171 1322 3248 qui
1350 3170 1534 3228 milite
1561 3177 1792 3228 servent

368 3251 633 3325 Delecti3
678 3258 766 3309 ast
791 3250 920 3308 illos
948 3251 1178 3308 centeni
1206 3268 1499 3327 quemque
1527 3254 1841 3324 sequuntur

368 3328 654 3405 Purpurei
681 3329 866 3388 cristis
887 3331 1138 3408 juvenes
1167 3333 1420 3405 auroque
1449 3326 1694 3384 corusci.

369 3407 732 3483 Discurrunt,
761 3409 1094 3484 variantque
1114 3406 1292 3481 vices,
1322 3406 1548 3482 fusique
1575 3422 1680 3482 per
1703 3402 1941 3463 herbam

371 3483 683 3558 Indulgent
707 3486 865 3560 vino,
895 3494 955 3544 et
978 3492 1210 3544 vertunt
1237 3495 1483 3544 crateras
1511 3482 1746 3541 ahenos.

369 3561 679 3635 Collucent
704 3563 886 3638 igneS,
915 3572 1147 3623 noctem
1177 3563 1441 3622 custodia
1468 3562 1627 3620 ducit

371 3640 703 3699 Insomnem
730 3640 884 3698 ludo.

448 3718 599 3775 Haec
627 3737 798 3794 super
824 3737 857 3775 e
884 3718 1036 3777 vallo
1063 3725 1434 3796 prospectant
1461 3717 1667 3792 Troes,
1695 3726 1755 3776 et
1781 3716 1952 3776 armis

374 3795 507 3854 Alta
531 3802 765 3867 tenent;
808 3814 918 3852 nec
944 3814 1062 3851 non
1090 3796 1297 3872 trepidi
1324 3795 1630 3853 formidine
1654 3804 1849 3872 portas

370 3872 714 3950 Explorant,
740 3880 1061 3950 pontesque
1089 3882 1149 3931 et
1172 3873 1606 3949 propugnacula
1622 3877 1895 3953 jungunt,

2229 736 2356 793 130‘

2229 1132 2339 1185 135

2228 1524 2339 1578 140

2228 1917 2338 1970 145

2227 2309 2339 2363 150
2401 2380 2406 2387 ἢ

2191 2761 2197 2766 ,
2229 2702 2339 2755 155

2225 3097 2337 3151 160

2228 3489 2342 3543 165

2221 3876 2402 3961 170-
