2717 4300
340 295 417 353 so
695 364 703 369 ,
1043 290 1616 351 Gnoaorcoaun

338 444 652 505 Panditur·
636 487 654 520 ,
696 444 823 523 ipse
849 443 1000 503 tibi
972 463 1098 521 Jam
1122 443 1358 502 brachia
1385 443 1672 502 contrahit
1708 443 1916 503 ardens

342 522 636 603 Scorpius,
666 531 725 582 et
749 522 883 582 coeli
901 522 1060 607 justa
1086 521 1216 599 plus
1241 530 1405 599 parte
1432 522 1737 599 relinquit:

340 603 640 681 Quidquid
668 602 779 660 eris
814 601 999 693 (nam
1005 609 1063 658 te
1083 619 1159 658 ne
1181 610 1413 677 sperent
1439 600 1493 658 Τ
1496 610 1679 659 artara
1702 619 1920 678 regem,

337 681 471 742 Nec
496 682 603 739 tibi
628 679 909 756 regnandi
932 679 1131 737 veniat
1154 688 1272 737 tam
1299 678 1424 736 dira
1449 679 1683 756 cupido,

340 760 626 831 Quamvis
645 759 883 836 Elysios
910 758 1149 815 miretur
1175 758 1408 815 Graecia
1433 776 1701 835 campos,

336 838 400 898 N
401 857 471 896 ec
498 838 742 915 repetita
765 836 1119 923 sequicuret
1143 836 1493 927 Proserpina
1517 836 1815 915 matrem),

336 916 433 974 Da
458 916 686 974 facilem
714 935 966 991 cursum,
994 922 1163 991 atque
1191 914 1510 987 audacibus
1537 933 1728 972 annue
1749 912 1984 994 coeptis·
1968 954 1988 990 ‚

337 994 688 1070 Ignarosque
716 995 827 1052 viae
855 1012 1086 1052 mecum
1113 993 1416 1052 miseratus
1443 1001 1713 1070 agrestes,

339 1066 668 1149 Ingredere,
697 1081 757 1131 et
781 1072 931 1130 votis
950 1075 1074 1150 jam
1101 1090 1255 1130 nunc
1284 1091 1554 1130 assuesce
1579 1072 1792 1130 vocari.

414 1151 593 1209 Vnae
622 1171 794 1226 noVO,
822 1151 1046 1227 gelidus
1069 1150 1233 1207 canis
1253 1170 1432 1228 quum
1464 1150 1755 1209 montibus
1781 1150 1990 1209 humor

339 1229 617 1307 Liquitur,
647 1238 706 1288 et
732 1228 986 1323 zephyro
1011 1230 1193 1306 putris
1212 1246 1277 1287 se
1304 1229 1476 1305 gleba
1500 1229 1753 1307 resolvit,

337 1309 629 1385 Depresso
655 1308 892 1385 incipiat
910 1310 1034 1386 jam
1063 1319 1183 1365 tum
1214 1307 1358 1364 mihi
1387 1316 1579 1365 taurus
1607 1316 1791 1366 aratro

339 1385 659 1463 ingemere,
684 1396 743 1444 et
769 1386 930 1445 sulco
960 1386 1181 1444 attritus
1209 1375 1613 1478 splendescere
1642 1405 1859 1444 vomer.

338 1464 446 1521 Illa
470 1485 637 1541 seges
664 1466 903 1523 demum
930 1465 1078 1522 votis
1106 1466 1415 1541 respondet
1440 1464 1594 1521 avari

336 1543 645 1619 Agricolae,
672 1543 762 1601 bis
783 1562 910 1620 quae
941 1543 1144 1616 solem,
1172 1542 1262 1599 bis
1289 1541 1499 1618 frigora
1518 1542 1734 1616 sensit·

337 1620 543 1679 Illius
527 1640 825 1679 immensae
854 1630 1134 1698 ruperunt
1159 1620 1367 1678 horrea
1393 1640 1631 1678 messes.

340 1736 349 1743 ,
411 1703 492 1758 At
515 1696 674 1776 prius
701 1700 961 1776 ignotum
988 1698 1135 1756 ferro
1163 1695 1337 1775 quum
1367 1699 1688 1757 scindimus
1717 1717 1934 1775 aequor,

334 1777 560 1837 Ventos
589 1786 648 1836 et
672 1778 896 1836 varium
923 1777 1055 1835 coeli
1080 1778 1425 1855 praediscere
1453 1773 1672 1835 rnorem

335 1855 495 1914 Cura
520 1856 614 1932 sit,
642 1876 710 1914 ac
737 1858 951 1934 patrios
979 1856 1281 1934 cultusque
1310 1855 1654 1948 habitusque
1679 1855 1957 1931 locorum,

336 1935 418 1993 Et
437 1935 580 2011 quid
606 1955 850 2012 quaeque
878 1936 1022 1993 ferat
1048 1936 1224 2011 regie,
1249 1944 1307 1993 et
1334 1934 1472 2029 quid
1500 1942 1745 2012 quae'que
1772 1942 2001 1995 recuset

326 1998 455 2075 Hic
484 2022 733 2090 segetes,
761 2014 878 2071 illic
907 2015 1149 2071 veniunt
1172 2011 1399 2071 felicius
1427 2033 1600 2088 uvae;

335 2092 578 2151 Arborei
607 2091 778 2152 foetus
807 2092 965 2168 alibi,
994 2102 1164 2170 atque
1192 2092 1414 2172 injussa
1440 2093 1732 2152 virescunt

334 2172 628 2230 Gramina.
708 2172 924 2232 Nonne
951 2172 1115 2231 vides
1143 2191 1379 2230 croceos
1406 2180 1472 2232 ut
1492 2163 1743 2230 Tmolus
1770 2173 1999 2249 odores,

336 2251 503 2308 India
528 2252 700 2312 mittit
727 2252 890 2323 ebur,
917 2251 1122 2311 molles
1150 2271 1253 2309 sua
1279 2252 1450 2310 thura
1479 2251 1690 2327 Sabaei,

331 2331 412 2388 At
437 2329 624 2408 chaly
626 2331 730 2389 bes
758 2331 897 2389 nudi
925 2331 1156 2405 ferrum,
1184 2330 1485 2406 virosaque
1513 2329 1740 2388 Pontus

332 2352 627 2485 Castoreay,
656 2409 929 2468 Eliadum
958 2410 1183 2485 palmas
1208 2409 1424 2485 Epirus
1451 2410 1774 2485 equarum?

332 2486 626 2546 Continuo
655 2488 762 2546 has
787 2488 946 2563 leges
976 2496 1302 2563 aeternaque
1331 2485 1548 2545 foedera
1575 2486 1786 2544 certis·

333 2566 616 2643 Imposuit
636 2575 837 2625 natura
864 2565 1028 2640 Ιοοίε,
1059 2583 1172 2642 quo
1204 2576 1466 2642 tempore
1493 2562 1746 2642 primum
1845 2569 1852 2580 '

332 2645 659 2703 Deucalion
687 2664 935 2702 vacuum
965 2644 1183 2721 lapides
1203 2645 1448 2721 jactavit
1474 2644 1533 2702 in
1563 2643 1802 2702 orbem·
1783 2687 1801 2718 ,

332 2723 507 2783 Unde
533 2723 800 2784 homines
826 2722 967 2797 nati,
998 2723 1214 2780 durum
1205 2733 1428 2798 genus.
1513 2723 1672 2799 Ergo
1702 2742 1827 2800 age,
1855 2730 2024 2800 terrae
2135 2755 2140 2760 ⁴

331 2801 563 2877 Pingue
588 2802 796 2876 solum,
823 2802 1025 2879 primis
1054 2801 1346 2879 extemplo
1377 2822 1411 2858 a
1436 2801 1735 2860 mensibus
1761 2802 1920 2878 anni,

334 2879 540 2938 Fortes
568 2881 855 2939 invertant
880 2880 1045 2955 tauri,
1075 2880 1385 2957 glebasque
1406 2863 1671 2958 jacentes

330 2958 745 3017 Pulverulenta
771 2967 983 3035 coquat
1009 2958 1243 3017 maturis
1271 2955 1489 3017 solibus
1518 2968 1722 3035 aestas3

329 3039 429 3113 At,
460 3038 509 3096 si
537 3058 653 3096 non
682 3037 853 3097 fuerit
880 3038 1050 3097 tellus
1080 3037 1365 3110 foecunda,
1391 3037 1542 3096 sub
1524 3058 1718 3115 ipsum

332 3118 644 3176 Arcturum
674 3116 837 3177 tenui
865 3125 954 3175 sat
979 3117 1087 3175 erit
1113 3118 1465 3198 suspendere
1493 3118 1696 3177 sulco·

334 3193 484 3271 Illic,
511 3196 765 3257 officiant
789 3196 937 3255 laetis
966 3216 1040 3253 ne
1068 3193 1335 3272 frugibus
1349 3195 1584 3254 herbae·
1566 3239 1587 3270 ,

334 3273 473 3348 Hic,
503 3276 754 3334 sterilem
784 3275 1030 3352 exiguus
1059 3294 1133 3332 ne
1162 3276 1389 3333 deserat
1412 3271 1901 3332 humor⁴arenam0

411 3352 666 3411 Alternis
693 3354 848 3412 idem
876 3363 1071 3413 tonsas
1099 3364 1327 3412 cessare
1353 3353 1611 3428 novales,

333 3430 418 3489 Et
442 3449 678 3505 segnem
706 3430 930 3509 patiere
959 3434 1073 3492 situ
1101 3433 1411 3491 durescere
1440 3449 1744 3508 campum·
1727 3472 1746 3504 ,

332 3510 455 3568 Aut
479 3508 562 3566 ibi
587 3509 738 3567 flava
765 3529 940 3586 seres,
970 3520 1187 3570 mutato
1217 3511 1423 3586 sidere,
1452 3509 1616 3584 farra,

334 3585 510 3648 Unde
537 3584 697 3665 prius
723 3588 920 3646 laetum
949 3590 1154 3681 siliqua
1184 3596 1488 3665 quassante
1511 3586 1804 3663 legumen,

334 3669 455 3725 Aut
480 3674 684 3725 tenues
711 3665 882 3724 foetus
911 3666 1098 3740 viciae,
1127 3668 1418 3744 tristisque
1445 3665 1630 3742 lupini

337 3744 645 3804 Sustuleris
671 3744 898 3819 fragiles
928 3744 1178 3801 calamos
1206 3746 1522 3820 silvamque
1551 3751 1892 3817 sonantem}

334 3824 467 3883 Urit
493 3824 646 3881 enim
675 3822 777 3887 hui
807 3842 1077 3899 campum
1108 3833 1293 3898 seges,
1324 3823 1435 3880 urit
1462 3840 1686 3897 aveuae,
1780 3839 1785 3847 ·

2213 2095 2299 2153 ,56

2218 2491 2299 2545 60

2183 2883 2297 2940 ’65

2218 3667 2297 3724 ’75
