2717 4300
1167 329 1403 385 usna
1439 298 1543 385 m.
1621 310 1631 321 ’

321 486 324 487 ’
359 481 695 560 Aggredior,
722 477 1080 556 genibusque
1109 477 1364 536 adversoe
1393 474 1657 535 obluctor.
1683 494 1891 552 arena,

360 562 634 637 Eloquar,
662 578 735 617 an
762 558 1003 615 sileam?
1043 556 1292 633 gemitus
1320 554 1706 633 lacrymabilis
1731 555 1853 613 imo

360 639 611 697 Auditur
634 636 874 710 tumulo,
904 643 965 693 et
988 655 1103 693 vox
1131 635 1353 693 reddita
1377 634 1554 692 fertur
1579 634 1651 691 ad
1678 651 1847 690 aures
1872 652 1886 691 ε

363 717 521 788 Quid
547 716 841 788 miserum,
870 714 1084 786 AEnea,
1112 712 1374 770 laceras?
1407 714 1532 789 jam
1559 730 1730 788 parce
1760 710 2027 788 sepult03

360 796 541 853 Parce
567 794 693 871 pias
719 793 1000 850 scelerare
1028 810 1250 849 manus.
1333 791 1395 848 N
1399 809 1473 848 on
1502 808 1599 847 me
1626 789 1732 848 tibi
1759 790 1941 868 Troja

361 874 689 931 Externum
717 872 867 946 tulit,
896 878 996 928 aut
1022 888 1187 928 cruor
1212 869 1308 925 hic
1336 869 1410 926 de
1438 868 1632 945 stipite
1660 876 1872 927 manat.

341 952 496 1028 ⁴Heu
521 954 534 1007 3
578 950 714 1024 fuge
739 948 1001 1008 c'rudeles
1027 956 1223 1021 terras,
1253 947 1386 1022 fuge
1414 947 1574 1004 littus
1601 964 1855 1004 avarum.

360 1030 515 1088 Nam
542 1027 865 1104 Polydorus
892 1046 1001 1103 ego
1024 1047 1038 1083 ε
1083 1024 1180 1083 hic
1208 1027 1502 1083 confixum
1531 1023 1714 1082 ferrea
1739 1025 1886 1084 texit

359 1108 636 1165 Telorum
666 1124 851 1182 seges,
880 1114 939 1163 et
956 1104 1165 1183 jaculis
1191 1104 1435 1161 increvit
1460 1102 1663 1161 acutis.

361 1186 518 1242 Tum
548 1182 682 1241 vero
712 1184 946 1261 ancipiti
974 1191 1226 1240 mentem
1254 1181 1558 1239 formidine
1584 1199 1818 1258 pressus

361 1263 667 1340 Obstupui,
696 1270 1089 1337 steteruntque
1117 1279 1319 1334 comte,
1350 1268 1410 1317 et
1436 1279 1550 1316 vox
1576 1259 1836 1317 saucibus
1863 1257 2050 1318 haesit.

444 1343 619 1398 Hunc
646 1341 998 1417 Polydorum
1028 1339 1150 1397 auri
1176 1338 1469 1414 quondam
1499 1356 1633 1395 cum
1664 1338 1920 1415 pondere
1945 1356 2157 1416 magno

361 1419 573 1477 Infelix
601 1420 869 1477 Priamus
896 1418 1089 1476 furtim
1118 1416 1418 1474 mandarat
1445 1415 1716 1474 alendum

358 1498 634 1555 Threicio
659 1498 799 1572 regi,
828 1515 1007 1574 quum
1027 1498 1152 1574 jam
1181 1494 1467 1553 diffideret
1493 1494 1664 1551 armis

359 1577 693 1651 Dardaniae,
724 1576 991 1651 cingique
1018 1573 1220 1632 urbem
1252 1573 1552 1631 obsidione
1578 1572 1817 1631 videret.

362 1655 491 1729 Ille,
519 1663 586 1714 ut
611 1672 754 1730 opes
780 1653 970 1726 fractae
999 1652 1316 1726 Teucrum,
1344 1660 1407 1711 et
1428 1651 1657 1710 fortuna
1680 1650 1933 1730 recessit,

359 1735 482 1791 Res
501 1733 998 1808 Agamemnonias
1022 1731 1394 1808 victriciaque
1422 1749 1581 1788 arma
1605 1738 1858 1806 secutus,

361 1813 476 1871 Fas
504 1831 675 1869 omne
704 1811 1010 1887 abrumpit,
1040 1809 1393 1886 Polydorum
1420 1809 1739 1883 obtmncat,
1767 1817 1828 1867 et
1854 1827 1993 1868 auro

362 1889 441 1948 Vi
467 1891 699 1967 potitur.
784 1889 941 1960 Quid
968 1907 1085 1946 non
1106 1887 1374 1946 mortalia
1397 1897 1634 1964 pectora
1658 1886 1836 1962 cogis,

361 1969 506 2026 Auri
535 1987 694 2026 sacra
719 1968 902 2026 sames
924 1970 956 2024 ἓ.
988 1967 1302 2043 Postquam
1331 1985 1508 2042 pavor
1533 1985 1665 2024 ossa
1688 1964 1937 2042 reliquit,

362 2046 637 2105 Delectos
663 2047 861 2124 populi
885 2047 961 2104 ad
987 2064 1274 2122 procereS,
1301 2041 1669 2122 primumque
1696 2053 2015 2121 parentem,

361 2125 625 2185 Monstra
650 2124 823 2184 desim
851 2124 1055 2198 refero,
1084 2132 1143 2183 et
1168 2142 1300 2201 quae
1326 2124 1401 2182 sit
1427 2124 1714 2182 sententia
1736 2141 1935 2201 posco.

362 2205 648 2263 Omnibus
674 2205 830 2263 idem
861 2203 1085 2261 animus
1113 2202 1392 2260 scelerati
1420 2202 1705 2259 excedere
1728 2202 1898 2276 terra,

362 2283 575 2359 Linqui
604 2283 888 2360 pollutum
918 2280 1252 2356 hospitium,
1282 2288 1341 2338 et
1369 2280 1505 2337 dare
1531 2278 1812 2337 classibus
1839 2287 2078 2339 austm.

362 2362 519 2438 Ergo
550 2363 928 2421 instauramus
955 2359 1242 2435 Polydoro
1270 2351 1459 2432 funus,
1489 2365 1549 2416 et
1573 2356 1778 2432 ingens

243 2492 251 2500 ,
361 2441 668 2516 Aggeritur
691 2440 913 2499 tumulo
940 2437 1149 2511 tellus3
1193 2445 1346 2496 stant
1371 2436 1649 2494 Manibus
1677 2454 1811 2513 arae,

362 2519 647 2578 Coeruleis
674 2527 893 2577 moestae
919 2517 1074 2575 vittis
1102 2518 1335 2594 atraque
1361 2534 1673 2593 cupress03

363 2598 445 2656 Et
474 2595 690 2655 circum
720 2597 931 2655 Iliades
959 2596 1179 2653 crinem
1208 2597 1280 2653 de
1308 2614 1468 2653 more
1495 2596 1717 2654 solutae.

365 2675 670 2734 Inferimus
697 2676 892 2753 tepido
920 2674 1245 2751 spumantia
1270 2673 1504 2752 cymbia
1527 2672 1697 2749 lacte,

365 2755 678 2830 Sanguinis
707 2763 767 2813 et
792 2753 937 2813 sacri
964 2763 1228 2830 pateras3
1271 2754 1637 2830 animamque
1665 2751 1928 2830 sepulcro

362 2834 704 2907 CondimuS,
733 2840 791 2891 et
818 2833 1024 2908 magnai
1051 2829 1387 2909 supremum
1416 2851 1563 2890 voce
1589 2832 1830 2890 ciemus.
1899 2879 1903 2883 .

444 2912 607 2986 Inde,
637 2912 736 2970 ubi
761 2912 948 2989 prima
973 2911 1117 2968 fides
1141 2911 1369 2987 pelago,
1396 2910 1741 2988 placataque
1765 2907 1928 2967 venti

363 2991 524 3048 Dant
550 2991 743 3065 maria,
772 2998 833 3049 et
859 2985 990 3047 lene
1019 2991 1309 3065 crepitans
1335 2997 1506 3046 vocat
1533 2999 1726 3048 auster
1750 2988 1811 3045 in
1841 2987 2042 3062 altum,

364 3070 681 3127 Deducunt
706 3069 845 3127 socii
873 3085 1071 3140 naves,
1102 3076 1160 3125 et
1185 3066 1376 3125 littora
1401 3067 1714 3144 complent.

362 3148 747 3205 Provehimur
772 3156 939 3224 portu
963 3165 980 3217 ;
1022 3153 1303 3220 terraeque
1329 3145 1617 3221 urbesque
1645 3144 1939 3203 recedunt.

365 3227 543 3285 Sacra
569 3226 712 3284 mari
740 3225 946 3284 colitur
974 3223 1164 3281 medio
1192 3223 1514 3297 gratissima
1536 3223 1710 3281 tellus

363 3305 684 3363 Nereidum
713 3304 880 3362 matri
908 3312 966 3361 et
993 3302 1272 3379 Neptuno
1299 3302 1548 3377 AEgae03

365 3383 560 3454 Quam
585 3384 717 3461 pius
744 3382 1107 3455 Arcitenens,
1137 3399 1264 3437 oras
1291 3388 1351 3438 et
1376 3380 1565 3437 littora
1588 3379 1811 3437 circum

364 3462 690 3536 Errantem,
720 3461 914 3537 Gyaro
941 3459 1099 3518 celsi
1126 3459 1502 3534 Myconoque
1529 3455 1799 3530 revinxit,

364 3540 790 3617 Immotumque
818 3538 932 3597 coli
960 3538 1140 3612 dedit,
1170 3545 1230 3595 et
1255 3544 1627 3595 contemnere
1651 3542 1875 3593 ventos.

362 3618 501 3678 Huc
529 3618 714 3692 feror;
757 3618 886 3676 haec
913 3617 1096 3676 sessos
1122 3625 1247 3675 tuto
1274 3614 1667 3693 placidissima
1690 3621 1860 3690 portu

362 3697 610 3775 Accipit.
696 3697 933 3773 Egressi
958 3698 1303 3754 veneramur
1329 3693 1619 3770 Apollinis
1644 3690 1868 3752 urbem.

365 3776 499 3836 Rex
527 3775 736 3849 Anius,
764 3793 869 3833 rex
895 3775 1050 3833 idem
1073 3774 1380 3831 hominum
1408 3771 1735 3848 Phoebique
1762 3768 2048 3844 sacerdos,

369 3854 542 3914 vittis
572 3863 631 3914 et
657 3854 817 3911 satra
843 3853 1139 3912 redimitus
1167 3861 1427 3930 tempora
1451 3850 1628 3926 lauro,

2218 328 2321 383 111

2237 2203 2316 2258 60

2242 2986 2320 3044 ’70

2170 3378 2322 3435 ,75

2245 3767 2322 3823 80
