2717 4300
339 324 417 380 fl
1048 319 1612 375 Bucomcolmu
1689 360 1700 369 κ

348 472 556 531 Vestra
583 490 746 529 meos
773 471 909 528 olim
942 470 988 528 si
1019 470 1211 527 fistula
1237 470 1398 528 dicat-
1419 471 1677 535 amores!

345 554 538 628 Atque
569 551 789 608 utinam
814 569 888 609 ex
906 549 1081 606 ‘vobis
1109 567 1279 622 unua,
1308 548 1605 625 'vestrique
1632 547 1872 607 fuissem

346 632 465 688 Aut
491 637 686 686 custos
713 628 920 704 gregiS‚
951 634 1050 685 aut
1076 634 1316 684 maturae
1343 626 1556 684 vinitor
1579 629 1746 685 uvae!

346 704 541 781 Certe,
571 706 694 764 sive
723 706 868 763 mihi
895 705 1139 782 Phyllis,
1171 705 1294 763 sive
1324 712 1482 762 esset
1508 707 1814 783 Amyntas,

351 787 468 845 Seu
496 785 853 863 quicumque
879 785 1035 842 furor
1064 781 1234 861 (quid
1259 792 1407 859 tum,
1449 784 1498 840 si
1525 783 1725 842 fuscus
1751 785 2079 868 Aomyntas?
2157 766 2164 773 ’

347 865 429 922 Et
454 864 631 939 nigrae
660 863 829 920 violae
858 869 1013 937 sunt,
1042 870 1102 919 et
1120 862 1387 919 vaccinia
1413 861 1631 939 nigra),

346 942 591 1000 Mecum
620 941 769 999 inter
795 941 1002 998 salices
1029 939 1187 998 lenffi
1214 940 1320 998 sub
1348 940 1469 998 vite
1488 943 1746 1018 jaceret:

348 1021 513 1078 Serta
538 1019 681 1077 mihi
709 1020 934 1095 Phyllis
961 1019 1197 1095 legeret,
1227 1027 1486 1093 cantaret
1511 1021 1815 1095 Amyntas.

345 1098 464 1156 Hic
493 1098 669 1174 gelidi
696 1097 902 1173 fontes,
931 1097 1029 1156 hic
1058 1098 1255 1156 mollia
1278 1105 1460 1175 prata,
1488 1097 1739 1174 Lycori3

345 1176 463 1234 Hic
492 1196 699 1234 nemus
723 1196 737 1233 :
781 1174 880 1234 hic
908 1176 1037 1253 ipso
1065 1183 1259 1233 tecum
1287 1195 1659 1234 consumerer
1686 1195 1831 1234 aevo.

424 1255 486 1313 N
491 1274 605 1313 unc
634 1255 870 1312 insanus
898 1272 1060 1312 amor
1079 1254 1205 1311 duri
1232 1263 1290 1312 te
1319 1253 1527 1311 Martis
1547 1254 1607 1311 in
1638 1254 1811 1312 armis

343 1334 494 1391 Tela
517 1334 670 1393 inter
695 1332 908 1406 media,
940 1342 1114 1409 atque
1142 1334 1414 1390 adversos
1442 1333 1666 1391 detinet
1689 1333 1925 1391 hostes:

343 1412 438 1469 Tu
466 1412 668 1488 procul
698 1431 732 1469 a
757 1413 955 1488 patria>
979 1411 1119 1487 (nec
1149 1412 1224 1469 sit
1251 1411 1398 1468 mihi
1425 1413 1663 1470 credere
1691 1419 1915 1480 tantum
1935 1410 1983 1490 !)

344 1490 605 1567 AlpinaS,
637 1491 708 1547 ah
740 1491 912 1547 dura!
957 1491 1120 1547 nives
1148 1498 1207 1547 et
1232 1489 1443 1564 frigora
1467 1489 1668 1547 Rheni
1815 1483 1824 1491 ”

341 1568 447 1626 Me
476 1569 603 1626 sine
630 1569 754 1625 sola
780 1568 960 1625 vides·
1043 1569 1176 1626 Ah!
1208 1577 1264 1625 te
1293 1587 1368 1625 ne
1390 1567 1600 1643 frigora
1624 1568 1870 1625 laedant!

340 1646 472 1705 Ah!
517 1647 620 1705 tibi
644 1666 718 1703 ne
747 1657 973 1704 teneras
1001 1647 1216 1721 glacies
1245 1655 1406 1704 secet
1433 1652 1639 1722 aspera
1662 1646 1924 1722 plantas!

380 1749 385 1753 ’
421 1725 546 1799 Ibo,
575 1734 653 1801 et,
681 1725 1031 1783 Chalcidico
1058 1744 1189 1800 quae
1218 1734 1352 1793 sunt
1379 1725 1522 1793 mihi
1549 1725 1784 1783 condita
1818 1738 1994 1784 versu

340 1802 631 1878 Carmina,
659 1804 902 1879 pastoris
933 1804 1117 1861 Siculi
1144 1803 1485 1862 modulabor
1511 1804 1713 1862 avena.

339 1881 580 1940 Certum
609 1890 697 1940 est
723 1882 783 1939 in
809 1882 990 1955 silvis,
1019 1882 1168 1940 inter
1192 1883 1418 1959 spelaea
1436 1881 1704 1958 ferarum,

337 1959 522 2018 Malle
549 1960 691 2037 pati,
722 1961 1050 2037 tenerisque
1081 1980 1241 2019 meos
1269 1962 1527 2019 incidere
1556 1978 1779 2018 amores

337 2038 689 2097 Arboribus:
735 2048 1000 2099 crescent
1026 2039 1141 2097 illae
1164 2060 1180 2113 ;
1226 2039 1519 2114 crescetis,
1548 2058 1790 2113 amores.

339 2116 568 2179 Interea
593 2114 790 2177 mixtis
816 2117 1070 2178 lustrabo
1093 2115 1357 2178 Maenala
1381 2118 1700 2196 Nymphis,

337 2198 459 2255 Aut
485 2216 647 2258 acres
672 2198 930 2257 venabor
956 2218 1159 2276 apros;
1201 2218 1319 2256 non
1348 2218 1445 2256 me
1474 2197 1595 2256 ulla
1618 2196 1897 2268 vetabunt
1955 2257 1961 2268 ‚

337 2273 576 2352 Fn‘gora
602 2276 947 2335 Parthenios
977 2277 1218 2335 canibus
1245 2277 1608 2336 circumdare
1634 2277 1847 2334 saltus:

334 2352 466 2412 Jam
497 2355 641 2413 mihi
668 2374 777 2430 per
802 2376 976 2433 rupes
1003 2357 1205 2428 videor
1231 2356 1513 2431 lucosque
1540 2361 1811 2412 sonantes

339 2431 466 2506 ἶνες
509 2434 650 2493 libet
676 2433 891 2492 Partho
920 2445 1183 2509 torquere
1210 2432 1480 2508 Cydonia
1504 2449 1687 2488 cornu

339 2510 614 2588 Spicula:
656 2520 930 2588 tanquam
958 2511 1089 2568 haec
1118 2512 1234 2569 sint
1259 2510 1439 2568 nostri
1466 2509 1758 2567 medicina
1783 2507 2010 2583 furoris,

334 2590 459 2649 Aut
479 2591 621 2648 deus
648 2591 749 2648 ille
776 2590 943 2647 malis
969 2589 1277 2647 hominum
1306 2589 1616 2646 mitescere
1644 2588 1862 2645 discat!

332 2667 464 2730 Jam
491 2687 684 2744 neque
706 2668 1148 2744 Hamadryades
1174 2686 1400 2725 rursum
1428 2685 1538 2724 nec
1567 2665 1827 2723 carmina
1849 2662 2046 2730 nobis,

339 2746 476 2822 Ipsa
499 2747 768 2838 placent3
811 2746 976 2823 ipsae,
999 2765 1221 2805 rursum
1236 2746 1578 2819 concedite,
1607 2745 1769 2802 silvae
1793 2763 1809 2802 :

335 2825 474 2885 Non
502 2826 664 2882 lllum
695 2826 873 2884 nostri
898 2834 1142 2902 possunt
1168 2824 1678 2893 mutarelabores3

335 2903 468 2963 Nec
493 2905 541 2963 si
568 2904 873 2980 frigoribus
899 2904 1107 2961 mediis
1135 2903 1521 2980 Hebrumque
1548 2900 1838 2976 bibamus,

340 2981 744 3058 Sithoniasque
771 2984 936 3040 nives
961 2982 1173 3041 hiemis
1200 2981 1509 3039 subeamus
1538 2999 1804 3058 aquosae3

334 3061 398 3122 N
400 3081 468 3119 ec
498 3061 565 3137 si,
595 3081 773 3137 quum
801 3062 1053 3119 moriens
1082 3062 1199 3119 alta
1218 3056 1370 3121 liber
1398 3069 1518 3118 aret
1544 3060 1604 3117 in
1631 3060 1830 3135 ulmo,-

335 3139 682 3217 AEthiopum
710 3159 1005 3217 versemus
1033 3159 1173 3198 oves
1201 3140 1307 3198 sub
1336 3140 1525 3197 sidere
1555 3138 1786 3197 Cancri.

337 3218 552 3277 Omnia
577 3220 760 3278 vincit
786 3222 1004 3291 Amor3
1048 3226 1108 3277 et
1131 3239 1238 3277 nos
1266 3220 1541 3277 cedamus
1567 3215 1789 3274 Amori.

415 3297 565 3355 Haec
595 3308 684 3358 sat
710 3299 836 3374 erit,
865 3299 1034 3372 divae,
1062 3307 1317 3356 vestrum
1348 3297 1634 3355 cecinisse
1659 3297 1916 3370 poetam,

334 3375 494 3434 Dum
524 3378 706 3452 sedet,
737 3386 797 3436 et
822 3376 1021 3454 gracili
1040 3376 1327 3436 fiscellam
1355 3376 1502 3435 texit
1527 3373 1772 3447 hibisco,

335 3453 633 3512 Pierides:
675 3474 779 3512 vos
806 3455 936 3514 hiec
964 3457 1190 3515 facietis
1216 3455 1472 3513 maxima
1498 3451 1701 3524 (321103

338 3531 527 3607 Gallo,
557 3534 726 3612 cujus
755 3552 916 3590 amor
942 3532 1167 3593 tantum
1196 3534 1341 3592 mihi
1371 3532 1580 3594 crescit
1606 3530 1666 3587 in
1695 3530 1884 3604 horas,

338 3607 643 3682 Quantum
672 3630 808 3669 vere
829 3628 981 3669 novo
1006 3614 1207 3671 viridis
1234 3631 1297 3670 se
1325 3610 1563 3689 subjicit
1589 3609 1772 3667 alnus.

417 3690 731 3766 Surgamus
756 3710 770 3746 :
812 3689 960 3747 solet
986 3708 1114 3747 esse
1141 3692 1328 3767 gravis
1356 3688 1720 3747 cantantibus
1747 3685 1985 3760 umbra3

332 3767 596 3845 Juniperi
623 3768 812 3845 gravis
840 3767 1082 3826 umbra:
1127 3776 1344 3826 nocent
1371 3768 1714 3841 etfrugibus
1739 3765 1977 3825 umbrae.

337 3846 427 3906 lte
454 3848 695 3908 domum
724 3853 953 3923 saturae,
979 3846 1143 3906 venit
1169 3846 1494 3924 Hesperus,
1522 3847 1624 3922 ite,
1652 3845 1916 3924 capellae.

2227 945 2307 1007 40

2217 2511 2300 2566 60

2161 3253 2296 3351 'vo
