2717 4300
11 2405 22 3704 wwflaffiss——Wfflw
11 1900 16 2388 ——qss-ffiffcwssv
11 1874 12 1879 Α
11 1792 14 1801 ,

83 2051 96 2060 Χ

374 310 448 371 ει
709 305 720 309 ’
1214 307 1579 365 aim-:mos
1622 373 1631 385 ‚

376 459 575 518 Efficit
601 457 834 537 objectu
857 457 1121 533 laterum,
1150 457 1359 535 quibus
1387 459 1574 516 omnis
1603 457 1674 516 ab
1702 458 1820 517 alto
1844 496 1852 513 ·
2221 461 2333 519 160

375 539 682 612 Frangitur
707 538 884 612 inque
912 538 1073 601 sinus
1102 537 1315 593 scindit
1339 555 1470 593 sese
1497 537 1666 593 unda=
1683 539 1970 597 reductos·

376 615 535 675 Hinc
563 625 733 692 atque
760 615 897 670 hinc
924 623 1111 671 vastae-
1131 632 1301 690 rupes
1330 614 1663 691 geminique
1690 616 1989 674 minantur
2098 640 2105 646 ·

377 692 445 751 In
475 694 688 751 coe'Ium
716 693 958 767 scopuli,
988 711 1228 768 quorum
1258 693 1366 749 sub
1394 692 1608 749 vertice
1629 690 1742 750 late
1774 740 1780 747 .

374 771 638 847 AEquora
663 779 786 830 tuta
813 770 1021 843 silent3
1063 778 1186 828 tum
1216 770 1378 828 silvis
1404 789 1581 828 scena
1608 772 1861 830 coruscis

315 890 328 895 -
374 849 664 926 Desuper,
692 849 1063 925 horrentique
1092 856 1275 906 atrum
1304 867 1511 906 nemus
1538 849 1805 909 imminet
1831 848 2055 907 umbri.
2220 852 2332 908 lca

374 927 590 985 Fronte
620 927 725 985 sub
751 927 990 984 adversa
1018 928 1270 1003 scopulis
1296 926 1687 1003 pendentibus
1715 937 1979 1001 antrum;

375 1004 539 1062 Intus
566 1024 730 1082 aquae
761 1005 983 1080 dulces,
1011 1006 1261 1081 vivoque
1290 1006 1495 1062 sedilia
1519 1024 1680 1080 saxo,

373 1082 781 1161 Nympharum
811 1084 1054 1141 domus:
1097 1083 1192 1141 hic
1220 1084 1401 1141 fessas
1427 1102 1555 1140 non
1573 1083 1805 1142 vincula
1830 1102 2010 1143 naves

374 1161 513 1221 Ulla
539 1171 756 1236 tenent,
785 1181 937 1219 unco
966 1180 1083 1219 non
1110 1162 1305 1236 alligat
1331 1163 1581 1218 anchora
1607 1181 1831 1221 morsu..

374 1239 514 1298 Huc
543 1251 764 1317 septem
793 1240 1015 1297 AEneas
1043 1240 1299 1297 collectis
1325 1238 1573 1297 navibus
1599 1240 1762 1297 omni
2223 1242 2335 1298 170

374 1318 474 1375 Ex
500 1338 740 1377 numero
768 1316 980 1395 subiti
1001 1337 1091 1393 ac,
1121 1337 1329 1392 magno
1356 1318 1579 1376 telluris
1607 1335 1802 1376 amore

375 1396 634 1472 Egressi,
664 1396 857 1474 optata
882 1396 1180 1473 potiuntur
1203 1396 1397 1454 Troes
1422 1397 1613 1470 arena,

375 1474 460 1532 Et
484 1476 603 1533 sale
631 1475 892 1533 tabentes
920 1483 1074 1532 artus
1101 1476 1160 1531 in
1190 1473 1391 1532 littore
1409 1481 1651 1550 ponunt.

374 1555 466 1610 Ac
490 1551 741 1630 primum
770 1552 917 1609 silici
944 1551 1251 1609 scintillam
1281 1552 1520 1608 excudit
1545 1549 1823 1624 Achates,

378 1632 766 1708 Suscepitque
792 1630 987 1702 ignem
1014 1628 1185 1703 soliis,
1216 1637 1388 1705 atque
1417 1629 1573 1686 arida
1598 1624 1818 1686 circum
2222 1631 2335 1687 17⁶

375 1709 748 1768 Nutrimenta
773 1708 950 1782 dedit,
979 1707 1279 1784 rapuitque
1305 1708 1367 1764 in
1395 1707 1594 1764 fomite
1627 1706 1942 1769 flammam.

310 1794 316 1801 ’
377 1782 535 1844 Tum
563 1787 1192 1862 Cereremcorruptam
1219 1785 1390 1842 undis
1417 1784 1797 1860 Cerealiaque
1824 1804 1984 1843 arma

377 1865 725 1942 Expediunt
748 1865 884 1923 fessi
912 1883 1140 1936 rerum3
1183 1864 1490 1940 frugesque
1518 1872 1780 1940 receptas

378 1943 461 2001 Et
485 1952 699 2001 torrere
723 1951 929 2020 parant
952 1942 1220 2022 fiammiS,
1239 1945 1309 2000 'et
1333 1941 1594 2018 frangere
1622 1961 1783 1999 saxo.

455 2022 677 2080 AEneas
705 2021 1010 2098 scopulum
1038 2022 1259 2078 interea
1284 2021 1639 2096 conscendit,
1662 2027 1721 2077 et
1746 2036 1984 2077 omnem
2225 2021 2337 2077 180
2397 2066 2405 2072 .
2466 2032 2477 2042 '

378 2099 756 2178 Prospectum
785 2096 902 2158 late
931 2100 1139 2179 pelago
1164 2099 1345 2177 p‘etit3
1388 2099 1621 2160 Anthea
1647 2098 1892 2176 siquem

378 2180 667 2238 Jactatum
695 2187 869 2238 vento
898 2180 1107 2255 videat,
1136 2178 1531 2256 Phrygiasque
1558 2180 1827 2252 biremeS,

377 2260 500 2317 Aut
527 2259 755 2336 Capyn,
784 2266 884 2317 aut
910 2258 1080 2316 celsis
1107 2260 1166 2316 in
1194 2258 1491 2335 puppibus
1520 2278 1679 2316 arma
1704 2257 1889 2315 Caici.

378 2337 608 2397 Navem
636 2339 696 2396 in
724 2346 1036 2415 conspectu
1064 2335 1303 2411 nullam,
1332 2346 1447 2395 tres
1474 2338 1663 2396 littore
1692 2351 1892 2394 cervos
2306 2395 2313 2400 ,

379 2416 670 2493 Prospicit
695 2428 983 2489 errantes;
1024 2416 1130 2473 hos
1153 2423 1275 2472 tota
1302 2423 1561 2472 armenta
1587 2421 1909 2488 sequuntur
2226 2417 2338 2472 186

378 2496 434 2553 A
462 2504 640 2570 tergo,
671 2504 730 2553 et
754 2495 992 2569 longum
1019 2513 1127 2570 per
1151 2492 1329 2571 vfalles
1355 2493 1613 2569 pascitur
1633 2510 1860 2565 agmen.

379 2573 654 2630 Constitit
678 2572 795 2646 hic,
824 2590 1137 2647 arcumque
1165 2589 1342 2628 manu
1371 2570 1705 2645 celeresque
1731 2570 1966 2645 sagittas

379 2651 692 2727 Corripuit,
721 2651 868 2707 fidus
896 2669 1026 2727 quae
1055 2647 1171 2707 tela
1196 2648 1431 2723 gerebat
1458 2648 1746 2720 Achates3

379 2728 783 2804 Ductoresque
811 2728 968 2804 ipsos
993 2723 1265 2804 primum,
1292 2726 1485 2803 capita
1511 2726 1624 2784 alta
1649 2725 1897 2784 ferentes

379 2806 668 2864 Cornibus
697 2806 965 2881 arboreis,
995 2805 1228 2879 sternit3
1271 2812 1394 2862 tum
1423 2805 1634 2880 vulgus
1662 2813 1720 2862 et
1748 2811 1982 2863 omnem
2016 2811 2021 2817 ’
2223 2808 2336 2863 190

377 2885 595 2943 Miscet
620 2903 795 2960 agens
822 2885 952 2943 telis
978 2904 1216 2942 nemora
1241 2884 1391 2941 inter
1416 2884 1651 2942 frondea
1679 2883 1922 2942 turbam.

377 2963 512 3023 Nec
536 2960 694 3041 prius
724 2963 963 3039 absistit,
991 2961 1165 3041 quam
1194 2970 1420 3039 septem
1446 2963 1705 3039 ingentia
1729 2962 1913 3021 victor

379 3043 639 3120 Corpora
663 3042 865 3102 fundat
889 3042 1073 3118 humi,
1102 3052 1162 3102 et
1186 3061 1498 3100 numerum
1527 3062 1659 3101 cum
1687 3042 1933 3102 navibus
1964 3050 2176 3119 aequet·

380 3122 540 3180 Hinc
560 3131 789 3200 portum
819 3122 983 3201 petit,
1012 3131 1071 3180 et
1098 3122 1287 3179 socios
1315 3122 1559 3197 partitur
1585 3122 1643 3179 in
1672 3140 1894 3178 omnes.

378 3200 556 3277 Vina,
583 3202 772 3261 bonus
799 3220 929 3279 quae
961 3201 1173 3258 deinde
1199 3200 1357 3259 cadis
1387 3200 1649 3257 onerarat
1674 3202 1918 3257 Acestes
2059 3262 2066 3270 ,
2225 3201 2336 3256 195

379 3281 599 3339 Littore
628 3281 947 3355 Trinacrio,
977 3280 1326 3355 dederatque
1353 3278 1701 3337 abeuntibus
1727 3277 1917 3351 heros,

380 3358 627 3434 Dividit,
650 3370 709 3420 et
735 3361 906 3419 dictis
926 3359 1226 3418 moerentia
1250 3368 1485 3436 pectora
1511 3356 1765 3415 mulcet:

383 3436 436 3496 Ο
464 3438 608 3495 socii
644 3438 865 3516 (neque
892 3440 1047 3498 enim
1078 3439 1257 3515 ignari
1280 3456 1481 3497 sumus
1509 3432 1640 3494 ante
1670 3434 2009 3516 malorum),

383 3515 436 3575 Ο
464 3514 618 3592 passi
646 3518 922 3593 graviora,
952 3518 1112 3578 dabit
1137 3519 1282 3579 deus
1307 3516 1402 3578 his
1428 3532 1661 3592 quoque
1685 3514 1882 3573 finem.

267 3595 274 3600 '
381 3592 508 3652 Vos
535 3603 594 3653 et
622 3594 928 3671 Scyllaeam
954 3596 1172 3654 rabiem
1197 3591 1546 3673 penitusque
1572 3602 1844 3653 sonantes
2219 3596 2337 3652 200

382 3670 647 3733 Accestis
674 3674 959 3752 scopulos,
989 3693 1093 3732 vos
1121 3683 1180 3733 et
1206 3674 1485 3752 Cyclopia
1512 3691 1653 3730 saxa

384 3752 630 3830 Experti
655 3772 668 3811 ε
711 3761 975 3810 revocate
1005 3753 1245 3828 animos,
1273 3760 1657 3827 moestumque
1684 3751 1950 3812 timorem

383 3831 643 3908 Mittite3
686 3832 874 3892 forsan
903 3839 962 3889 et
987 3830 1116 3888 haec
1144 3830 1282 3889 olim
1308 3829 1641 3889 meminisse
1660 3831 1905 3910 juvabit.
