2717 4300
1245 309 1477 367 LIBER
1516 312 1587 367 11.
2298 314 2424 381 ,m

455 461 610 524 Cum
636 458 876 522 stabulis
903 469 1159 521 armenta
1182 458 1371 520 trahit.
1456 458 1597 519 Vidi
1623 458 1749 537 ipse
1778 459 2060 521 furentem

457 543 639 603 caede
666 544 801 602 Neo
868 540 1142 615 olemum,
1170 541 1547 616 geminosque
1575 539 1634 595 in
1665 539 1864 598 limine
1893 540 2160 601 Atridas:
2298 546 2416 601 500

458 622 599 679 Vidi
628 621 799 679 Hecu
841 640 953 694 am,
981 631 1326 696 centumque
1354 638 1552 692 nurus,
1580 617 1992 696 Priamumque
2016 639 2123 698 per
2149 639 2279 680 aru

459 700 754 775 Sanguine
780 698 1111 772 soedantem,
1138 717 1283 774 quos
1310 698 1435 774 ipse
1462 706 1799 772 sacraverat,
1829 698 2011 774 ignes.

459 777 897 855 Quinquaginta
922 776 1007 835 illi
1034 776 1290 851 thalami,
1319 795 1452 853 spes
1480 784 1636 834 tanta
1662 785 1958 853 nepotum,

457 858 766 915 Barbarico
793 865 988 932 postes
1015 875 1151 914 auro
1178 855 1493 932 spoliisque
1520 854 1752 930 superbi

433 933 865 995 =Procubuere:
907 942 1107 993 tenent
1134 935 1325 991 Danai
1353 934 1468 1010 qua
1497 931 1695 991 deficit
1720 932 1888 1010 ignis.
2300 938 2419 993 505

536 1014 798 1074 Forsitan
828 1022 888 1073 et
912 1012 1127 1072 Priami
1154 1012 1367 1071 fuerint
1394 1032 1523 1089 quae
1551 1011 1668 1070 fata
1694 1013 1967 1089 requiras.

458 1093 634 1154 Urbis
660 1090 744 1153 uti
771 1101 955 1170 captae
983 1111 1200 1166 casum,
1229 1092 1622 1167 convulsaque
1650 1091 1795 1150 vidit

458 1173 688 1231 Limina
712 1180 1014 1246 tectorum,
1043 1179 1102 1229 et
1128 1170 1384 1228 medium
1412 1171 1471 1227 in
1499 1171 1888 1246 penetralibus
1916 1171 2167 1247 hostem,

458 1254 639 1310 Arma
663 1251 762 1308 diu
788 1252 980 1309 senior
1005 1251 1247 1308 desueta
1272 1248 1648 1306 trementibus
1677 1267 1802 1306 aevo

363 1332 369 1336 ’
457 1330 792 1388 Circumdat
816 1329 1209 1405 nequidquam
1236 1326 1511 1402 humeris,
1541 1334 1599 1384 et
1624 1327 1828 1385 inutile
1855 1327 2066 1387 ferrum
2301 1332 2417 1386 510

426 1444 434 1449 —
458 1409 744 1484 Cingitur,
773 1427 839 1465 ac
866 1409 1079 1466 densos
1105 1406 1283 1464 fertur
1308 1406 1615 1464 moriturus
1642 1405 1700 1462 in
1730 1406 1943 1465 hosteS.

538 1487 790 1545 AEdibus
816 1486 877 1545 in
906 1485 1131 1559 mediiS,
1160 1485 1431 1562 nudoque
1460 1485 1566 1542 sub
1593 1483 1822 1543 aetheris
1843 1500 1977 1561 axe,
2090 1477 2098 1486 ’

461 1566 673 1640 Ingens
701 1585 797 1623 ara
821 1566 965 1639 fuit;
999 1561 1284 1644 juxtaque
1307 1563 1618 1622 veterrima
1642 1564 1833 1622 laurus

460 1644 812 1702 Incumbens
834 1663 965 1719 arae,
993 1645 1162 1720 atque
1190 1644 1394 1701 umbra
1419 1643 1725 1719 complexa
1751 1643 2005 1720 Penates
2026 1663 2040 1702 ε

381 1740 384 1743 ·
459 1723 577 1780 Hic
606 1723 857 1789 Hecuba
882 1731 942 1782 et
968 1723 1525 1799 nataenequidquam
1554 1721 1752 1780 altaria
1777 1722 2016 1798 circum,
2299 1724 2417 1781 515

458 1801 799 1879 Praecipites
826 1804 945 1860 atra
972 1821 1081 1860 ceu
1108 1811 1450 1878 tempestate
1478 1800 1781 1876 columbae,

385 1934 389 1938 Α
435 1882 804 1956 condensae,
832 1889 892 1939 et
917 1876 1113 1939 'divum
1141 1880 1427 1957 amplexae
1453 1879 1775 1952 simulacra,
1803 1878 2100 1938 sedebant.

460 1960 658 2036 Ipsum
689 1969 877 2039 autem
907 1959 1147 2036 sumptis
1175 1959 1468 2017 Priamum
1488 1958 1858 2036 juvenalibus
1886 1958 2057 2016 armis

458 2038 544 2098 Ut
569 2038 747 2098 vidit:
794 2039 942 2111 Quae
970 2058 1133 2096 mens
1160 2048 1277 2097 tam
1307 2039 1449 2111 dira,
1479 2037 1793 2097 miserrime
1821 2039 2054 2115 conjux,

461 2117 698 2196 Impulit
724 2117 814 2177 his
842 2117 995 2194 cingi
1024 2117 1191 2176 telis?
1235 2128 1334 2176 aut
1359 2114 1473 2194 quo
1503 2117 1662 2175 ruis?
1704 2116 1908 2195 inquit.
2130 2171 2139 2179 .
2203 2138 2207 2141 ·
2298 2120 2416 2176 520

461 2197 595 2256 Non
623 2197 723 2257 tali
751 2197 965 2256 auxilio
992 2216 1101 2258 nec
1129 2196 1527 2254 defensoribus
1554 2196 1677 2254 istis

361 2292 364 2295 ⁴
460 2276 719 2354 Tempus
747 2286 916 2353 eget;
959 2274 1099 2350 non,
1129 2275 1177 2332 si
1205 2277 1331 2351 ipse
1347 2271 1525 2331 'meus
1552 2292 1706 2341 nune
1733 2271 1935 2331 afforet
1962 2273 2199 2333 Hector.

416 2399 422 2403 >
461 2355 595 2413 Huc
623 2356 856 2414 tandem
886 2356 1179 2414 concede:
1222 2353 1351 2411 haec
1380 2373 1477 2410 ara
1504 2352 1754 2411 tuebitur
1774 2370 1996 2428 omnes,

377 2461 382 2466 ’
457 2436 577 2493 Aut
602 2433 845 2494 moriere
873 2433 1063 2494 sinui·
1119 2433 1247 2503 ⁴Sic
1274 2452 1373 2490 ore
1402 2431 1592 2503 effata,
1623 2429 1842 2506 recepit

424 2577 428 2582 ,
458 2514 552 2571 Ad
580 2533 728 2588 sese,
756 2523 817 2572 et
842 2515 1004 2575 sacra
1032 2513 1356 2587 longaevum
1388 2512 1445 2569 in
1475 2513 1613 2574 sede
1641 2508 1871 2568 locavit.
2298 2512 2416 2567 525

539 2593 698 2653 Ecce
726 2601 938 2667 autem,
968 2592 1196 2668 elapsus
1223 2591 1430 2668 Pyrrhi
1461 2592 1534 2648 de
1567 2590 1750 2663 caede,
1781 2588 2022 2665 Polites,

463 2671 629 2731 Unus
655 2680 917 2729 natorum
945 2671 1178 2745 Priami,
1207 2690 1309 2747 per
1334 2668 1469 2743 tela,
1498 2689 1605 2747 per
1631 2670 1846 2743 hosteS,

372 2767 377 2773 '
459 2749 782 2810 Porticibus
809 2751 994 2826 longis
1020 2749 1180 2825 sugit,
1209 2758 1268 2807 et
1294 2768 1478 2807 vacua
1502 2749 1643 2808 atria
1669 2748 1869 2806 lustrat

463 2830 706 2905 Saucius
719 2837 743 2887 ‘z
788 2830 948 2887 illum
978 2829 1183 2887 ardens
1211 2828 1418 2901 infesto
1446 2828 1684 2886 vulnere
1712 2825 1970 2905 Pyrrhus

463 2908 806 2985 Insequitur,
827 2911 950 2988 jam
971 2911 1211 2986 jamque
1239 2928 1411 2966 manu
1438 2916 1615 2983 tenet,
1645 2916 1705 2965 et
1729 2904 1943 2983 premit
1966 2901 2150 2965 hasta.
2298 2905 2415 2961 530

346 3055 352 3059 „
461 2987 548 3046 Ut
575 2988 804 3047 tandem
834 2997 963 3046 ante
992 2987 1188 3044 oculos
1216 2988 1398 3046 evasit
1424 2993 1484 3043 et
1510 3005 1610 3044 ora
1634 2984 1954 3062 parentum,

461 3067 750 3143 Concidit,
780 3086 846 3125 ac
865 3066 1053 3125 ‘multo
1080 3065 1257 3123 vitam
1284 3083 1415 3122 cum
1443 3065 1727 3142 sanguine,
1748 3062 1910 3122 fudit.

467 3145 581 3203 Hic
610 3145 888 3218 PriamuS,
918 3159 1241 3221 quanquam
1271 3142 1329 3200 in
1359 3143 1551 3200 media
1569 3145 1692 3221 jam
1721 3149 1900 3201 morte
1927 3146 2178 3216 tenetur,

462 3223 601 3283 Non
630 3234 820 3284 tamen
849 3223 1141 3298 abstinuit,
1171 3241 1281 3281 nec
1310 3222 1440 3280 voci
1469 3222 1682 3298 iraeque
1708 3220 2002 3298 pepercit:

462 3304 542 3361 At
567 3304 674 3362 tibi
699 3323 802 3381 pro
830 3303 1065 3375 scelere,
1094 3301 1403 3374 exclamat,
1431 3320 1533 3377 pro
1560 3298 1767 3359 talibus
1795 3298 1967 3373 ausis,
2301 3297 2419 3354 535

463 3381 543 3439 Di
578 3382 658 3459 (si
686 3401 799 3459 qua
824 3392 912 3441 est
937 3381 1085 3441 coelo
1111 3381 1296 3457 pietas
1324 3398 1456 3456 qua)
1485 3378 1620 3436 talia
1645 3376 1836 3453 curet)

461 3459 804 3521 Persolvant
828 3471 1014 3536 grates
1041 3461 1263 3535 dignas,
1295 3468 1354 3516 et
1378 3460 1617 3535 praemia
1640 3451 1884 3514 reddant

461 3540 697 3614 Debita,
726 3540 824 3617 qui
851 3540 969 3598 nati
997 3558 1187 3597 coram
1218 3557 1312 3595 me
1340 3555 1577 3595 cernere
1604 3535 1786 3592 letum

461 3618 700 3695 Fecisti,
730 3629 787 3679 et
812 3618 1026 3697 patrios
1055 3617 1278 3676 soedasti
1308 3616 1509 3674 funere
1538 3614 1764 3673 vultus!

462 3698 543 3756 At
567 3719 683 3757 non
713 3698 831 3772 ille,
859 3706 1042 3757 satum
1072 3715 1187 3772 quo
1213 3697 1271 3755 t'e
1300 3694 1581 3769 mentiris,
1610 3690 1870 3751 Achilles
2292 3692 2420 3748 ,540

464 3777 629 3837 Talis
654 3778 717 3837 in
743 3776 909 3836 hoste
930 3776 1038 3836 suit
1063 3776 1329 3849 Priam03
1374 3775 1477 3833 sed
1496 3777 1630 3853 jura
1655 3773 1946 3849 fidemque
