2717 4300
1230 354 1465 410 LIBER
1502 357 1572 411 V.

395 499 427 559 1
470 505 588 560 sius
615 501 889 560 Anchisae
917 501 1169 578 longaevi
1194 504 1307 562 hoc
1337 524 1549 572 munus
1570 504 1831 579 habebis,

449 589 635 638 catera
659 580 1000 656 impressum
1029 582 1227 658 signiS,
1255 601 1431 659 quem
1459 584 1744 643 Thracius
1771 584 1909 644 olim

315 661 320 664 ’
395 659 673 716 Anchisae
701 660 945 734 genitori
973 660 1034 716 in
1063 679 1273 736 magno
1300 676 1543 719 munere
1572 662 1813 722 Cisseus

396 736 574 795 Ferre
602 738 692 795 sui
718 738 953 796 dederat
979 748 1418 798 monumentum
1447 734 1506 798 et
1529 741 1737 817 pignus
1765 741 1975 799 amoris

397 814 498 873 Sic
525 815 693 890 fatus,
722 817 902 892 cingit
925 816 1197 876 viridanti
1222 824 1484 897 tempora
1507 818 1686 895 lauro,
1866 878 1872 886 ,

398 893 479 950 Et
502 894 754 970 primum
783 903 913 953 ante
942 914 1143 953 omnes
1169 896 1450 954 victorem
1478 898 1728 973 appellat
1753 899 2027 956 Acesten.

395 971 527 1029 Nec
553 971 741 1030 bonus
768 972 1052 1049 Eurytion
1077 973 1316 1051 praelato
1337 974 1547 1033 invidit
1573 975 1796 1051 honori,

397 1050 682 1120 Quamvis
710 1051 868 1109 solus
896 1071 1063 1110 avem
1090 1051 1237 1111 coelo
1265 1054 1481 1131 dejecit
1507 1053 1578 1111 ab
1609 1055 1740 1112 alto.

395 1128 700 1186 Proximus
728 1130 1043 1205 ingreditur
1066 1131 1253 1203 doniS,
1284 1131 1382 1207 qui
1409 1132 1640 1190 vincula
1666 1132 1850 1209 rupit:

395 1206 729 1282 ExtremuS,
756 1207 980 1265 volucri
1005 1209 1105 1284 qui
1130 1209 1262 1267 fixit
1285 1209 1565 1267 arundine
1592 1209 1826 1268 malum.

411 1308 424 1318 ·
473 1285 554 1342 At
577 1293 740 1362 pater
765 1285 1009 1361 AEneas‚
1037 1287 1298 1344 nondum
1324 1287 1639 1345 certamine
1666 1288 1861 1363 misso,

394 1363 712 1422 Custodem
739 1364 812 1421 ad
838 1382 967 1422 sese
994 1365 1385 1441 comitemque
1409 1364 1662 1440 impubis
1690 1365 1805 1423 Iiili

394 1442 689 1519 Epytiden
715 1450 920 1515 vocat3
964 1450 1024 1500 et
1048 1443 1225 1501 fidam
1252 1444 1334 1501 sic
1360 1442 1511 1501 fatur
1536 1444 1606 1501 ad
1636 1462 1868 1502 aurem:

393 1518 563 1578 Vade
591 1538 716 1595 age,
746 1527 805 1578 et
832 1520 1104 1597 Ascanio,
1133 1521 1183 1578 si
1200 1524 1325 1599 jam
1349 1521 1573 1598 puerile
1598 1531 1861 1599 paratum
1980 1578 1985 1585 .

391 1600 623 1673 Agmen
651 1597 827 1656 habet
852 1617 1069 1675 secum,
1097 1618 1412 1676 cursusque
1439 1601 1711 1659 instruxit
1736 1618 2033 1676 equorum,

393 1677 587 1735 Ducat
613 1695 720 1734 avo
747 1684 979 1753 turmas,
1008 1686 1069 1736 et
1094 1696 1223 1736 sese
1251 1679 1517 1736 ostendat
1541 1679 1602 1736 in
1631 1679 1823 1753 armis,

393 1754 531 1830 Dic,
562 1755 659 1814 ait.
744 1754 1140 1831 Ipse.omnem
1166 1756 1340 1832 longo
1369 1758 1650 1816 decedere
1678 1757 1831 1815 circo

395 1832 657 1891 Infusum
682 1833 977 1910 populum,
1006 1842 1065 1893 et
1091 1854 1324 1912 campos
1344 1835 1516 1913 jubet
1543 1854 1670 1893 esse
1696 1843 1975 1913 patentes.

395 1911 681 1970 Incedunt
704 1913 888 1988 pueri,
916 1913 1243 1991 pariterque
1271 1921 1404 1971 ante
1431 1933 1532 1971 ora
1554 1913 1859 1990 parentum
1953 1948 1957 1953 ·

392 1989 674 2048 Fraenatis
701 1991 900 2049 lucent
929 1992 988 2049 in
1018 1992 1183 2069 equis
1207 2012 1220 2049 τ
1264 2011 1410 2068 quos
1437 1993 1627 2050 omnis
1655 2002 1858 2051 euntes

393 2067 705 2126 Trinacriae
734 2069 936 2128 mirata
959 2064 1151 2128 fremit
1176 2071 1489 2150 Trojaeque
1508 2073 1808 2148 juventus.

394 2145 679 2206 Omnibus
706 2148 766 2205 in
795 2148 1017 2206 morem
1045 2150 1211 2207 tonsa
1239 2169 1411 2207 coma
1434 2169 1634 2227 pressa
1658 2148 1906 2208 corona:

393 2226 622 2284 Cornea
646 2226 783 2285 bina
807 2226 1002 2286 ferunt
1026 2226 1268 2304 praefixo
1296 2227 1528 2285 hastilia
1552 2226 1734 2300 ferro;
1788 2267 1793 2274 ,

392 2303 533 2361 Pars
559 2303 718 2362 leves
744 2306 985 2364 humero
1010 2306 1307 2383 pharetras
1329 2325 1346 2379 ;
1392 2306 1438 2363 it
1461 2313 1695 2382 pectore
1721 2324 1948 2366 summo

392 2383 637 2441 Flexilis
664 2383 869 2443 obtorti
894 2404 1001 2461 per
1025 2384 1240 2444 collum
1268 2384 1519 2444 circulus
1547 2384 1688 2442 auri.

392 2461 538 2519 Tres
566 2462 826 2537 equitum
852 2482 1095 2520 numero
1122 2472 1346 2539 turmae,
1377 2463 1641 2540 ternique
1669 2470 1948 2538 vagantur

391 2539 717 2613 Ductores3
758 2541 923 2617 pueri
950 2540 1216 2617 bisseni,
1244 2560 1536 2618 quemque
1563 2542 1769 2619 secuti,
1850 2612 1857 2618 ,

391 2619 642 2693 Agmine
669 2619 875 2695 partito
901 2619 1142 2696 fulgent,
1169 2620 1518 2713 paribusque
1545 2619 1847 2696 magistris.

392 2696 528 2756 Una
555 2698 707 2755 acies
727 2698 1033 2789 juvenum,
1059 2699 1223 2757 ducit
1248 2719 1422 2776 quam
1447 2718 1659 2777 parvus
1687 2706 1956 2758 ovantem

390 2774 624 2833 Nomen
654 2795 747 2833 avr
773 2776 1025 2834 referens
1050 2776 1336 2855 Priamus,
1364 2787 1465 2837 tua
1489 2778 1660 2854 clara,
1688 2777 1897 2852 Polite,

391 2852 724 2931 Progenies,
755 2863 993 2912 auctura
1019 2854 1232 2929 Italos3
1275 2877 1450 2933 quem
1478 2856 1763 2914 Thracius
1790 2856 1935 2915 albis

392 2931 589 2990 Portat
615 2951 798 3010 equus
823 2931 1044 2990 bicolor
1070 2935 1329 3010 maculis,
1356 2936 1603 3010 vestigia
1626 2935 1799 3012 primi

392 3011 544 3068 Alba
569 3012 735 3089 pedis
761 3010 1126 3086 frontemque
1155 3020 1449 3071 ostentans
1477 3014 1686 3071 arduus
1714 3013 1922 3071 albam.

392 3089 556 3148 Alter
582 3091 748 3166 Atys,
778 3108 964 3167 genus
989 3088 1149 3146 unde
1175 3090 1297 3148 Atii
1324 3089 1544 3149 duxere
1571 3091 1764 3149 Latini
1786 3111 1802 3164 ;

391 3167 611 3227 Parvus
639 3170 805 3245 Atys,
832 3186 1131 3246 pueroque
1156 3187 1305 3245 puer
1329 3168 1576 3227 dilectus
1606 3169 1752 3227 Iiilo.
1946 3218 1951 3226 ,

393 3245 726 3322 Extremus,
753 3246 1053 3323 formaque
1082 3255 1215 3306 ante
1243 3267 1451 3306 omnes
1475 3247 1734 3324 pulcher,
1766 3246 1926 3305 Iiilus

395 3324 634 3383 Sidonio
663 3334 752 3384 est
775 3325 1040 3385 invectus
1068 3344 1238 3403 equo,
1269 3346 1442 3403 quem
1471 3326 1720 3384 candida
1745 3326 1901 3383 Dido

391 3403 543 3462 Esse
568 3404 661 3483 sui
688 3403 926 3464 dederat
950 3416 1390 3463 monumentum
1419 3414 1476 3464 et
1501 3405 1711 3482 pignus
1738 3404 1963 3461 amoris.

393 3482 623 3541 Caetera
648 3482 962 3540 Trinacriis
988 3482 1173 3560 pubes
1200 3483 1442 3542 senioris
1468 3485 1700 3540 Acestae
1760 3481 1770 3489 ‘

392 3556 602 3619 Fertur
628 3560 812 3637 equis.

471 3639 797 3732 Excipiunt
821 3638 1023 3715 plausu
1053 3639 1315 3716 pavidos,
1344 3638 1712 3715 gaudentque
1738 3646 1967 3697 tuentes

392 3717 765 3791 Dardamdae‚
791 3725 1166 3793 veterumque
1195 3724 1515 3793 agnoscunt
1541 3736 1640 3775 ora
1663 3716 1985 3794 parentum.

391 3795 706 3872 Postquam
734 3812 970 3852 omnem
997 3795 1116 3853 laeti
1143 3814 1483 3854 consessum
1511 3796 1822 3872 oculosque
1849 3812 2081 3853 suorum

392 3870 738 3932 Lustravere
758 3872 820 3929 in
848 3873 1033 3949 equis,
1063 3873 1291 3949 signum
1319 3875 1568 3932 clamore
1592 3875 1803 3952 paratis

539 3961 546 3968 ‘
796 3955 870 4009 14
893 3951 928 3984 ⁶

2259 364 2355 418 161

2247 515 2362 569 535

2243 904 2360 958 540

2241 1681 2357 1736 550

2241 2074 2356 2128 555

2241 2466 2356 2519 560

2195 2859 2359 2913 ’565

2243 3251 2361 3305 570

2242 3639 2361 3695 575
