2717 4300
335 299 450 378 246
835 297 847 307 ·
1144 295 1513 358 mnmos

341 451 494 514 Tum
522 449 720 508 decuit
744 448 1017 512 metuisse
1043 447 1192 512 tuis:
1233 467 1390 507 nunc
1418 467 1545 506 sera
1569 447 1821 525 querelis
1857 459 1874 471 “

338 528 517 586 Haud
537 528 708 607 justis
735 527 999 602 assurgis,
1029 535 1090 583 et
1113 526 1269 586 irrita
1285 527 1480 605 jurgia
1497 529 1702 604 jactas.
1879 558 1882 561 >
2222 533 2306 587 95

418 607 658 665 Talibus
686 606 1091 676 orabat'Juno;
1135 606 1443 681 cunctique
1468 605 1791 664 fremebant
1949 635 1954 638 ·
2027 604 2034 612 '
2191 638 2200 644 ›

339 684 633 743 Coelicolae
663 701 899 741 assensu
924 683 1082 740 vario
1105 703 1120 740 ε
1162 702 1272 740 ceu
1290 683 1536 741 flamina
1559 684 1749 760 prima

341 762 538 833 Quum
567 764 849 839 deprensa
873 760 1125 820 fremunt
1150 762 1328 835 silvis,
1352 771 1419 819 et
1445 780 1601 819 eaeea
1625 761 1888 821 volutant

336 840 656 915 Murmura,
684 847 954 897 venturos
981 841 1170 900 nautis
1195 839 1499 916 prodentia
1521 849 1747 900 ventos.
2159 905 2162 906 ⁷

336 918 490 976 Tum
517 927 678 995 pater
703 918 1088 993 omnipotens,
1115 918 1429 990 rerumcui
1455 916 1683 978 summa
1707 926 1981 996 potestas,
2159 925 2299 994 ‚10⁰

338 996 476 1056 Infit
499 1016 514 1054 τ
556 1016 627 1053 eo
655 997 908 1069 dicente,
937 994 1110 1075 desim
1139 997 1343 1053 domus
1357 996 1480 1057 ‚alta
1503 996 1741 1072 silescit,
2214 1014 2221 1022 ·

335 1075 419 1132 Et
443 1075 774 1133 tremefacta
800 1073 1120 1136 solotenus
1141 1094 1158 1147 ;
1190 1074 1333 1145 ,silet
1358 1075 1570 1152 arduus
1594 1074 1808 1148 aether3

336 1153 489 1210 Tum
518 1153 778 1230 Zephyri
801 1150 1084 1228 posuere3
1118 1152 1337 1229 premit
1360 1153 1589 1229 placida
1612 1173 1842 1228 aequora
1863 1162 2094 1230 pontus.

413 1232 678 1308 Accipite
707 1250 843 1307 ergo
872 1231 1096 1305 animis,
1125 1239 1298 1307 atque
1325 1231 1456 1289 haec
1482 1235 1615 1289 niea
1640 1233 1798 1307 figite
1824 1232 1993 1290 dicta.
2093 1267 2098 1270 -

338 1309 823 1386 Quandoquidem
849 1310 1140 1368 Ausonios
1162 1310 1437 1387 conjungi
1461 1308 1676 1372 soedere
1704 1310 1945 1368 Teucris
2184 1314 2300 1367 105

335 1387 512 1445 Haud
534 1389 774 1462 licitum,
803 1406 914 1446 nec
942 1396 1134 1450 vestra
1158 1391 1311 1464 capit
1336 1389 1623 1446 'discordia
1650 1389 1825 1445 finem
1840 1409 1886 1462 3,
2297 1387 2304 1388 ⁷

337 1465 488 1536 Quae
517 1468 727 1543 cuique
755 1476 844 1523 est
867 1466 1096 1524 fortuna
1120 1465 1314 1540 hodie,
1343 1475 1518 1543 quam
1543 1467 1784 1543 quisque
1811 1475 1970 1525 secat
1993 1479 2181 1545 spem,

336 1544 484 1602 Tros
510 1544 841 1607 Rutulusve
868 1545 1006 1618 suat,
1035 1544 1197 1604 nullo
1221 1544 1553 1602 discrimine
1581 1545 1850 1618 babebo;

339 1621 456 1680 Seii
482 1622 611 1680 fatis
639 1622 848 1680 Italfim
876 1631 1061 1680 castra
1086 1620 1387 1678 obsidione
1414 1630 1701 1697 tenentur,

339 1701 475 1759 Sive
503 1720 690 1758 errore
715 1700 868 1758 malo
895 1700 1087 1778 Trojae
1114 1699 1459 1777 monitisque
1487 1700 1766 1759 sinistris:
2185 1706 2299 1759 110

334 1774 396 1838 N
399 1798 467 1837 ec
493 1778 744 1837 Rutulos
772 1779 950 1836 solvo.
1037 1780 1155 1836 Sua
1180 1778 1389 1855 cuique
1417 1797 1623 1837 exorsa
1643 1780 1902 1837 iaborem
1967 1789 1972 1790 ⁷
2111 1784 2120 1788 ’

335 1857 763 1935 Fortunamque
789 1857 993 1916 ferent.
1073 1857 1211 1916 Rex
1233 1855 1460 1934 Jupiter
1485 1859 1751 1917 omnibus
1778 1859 1956 1916 idem.

333 1934 481 2002 Fata
507 1936 661 1994 viam
689 1936 1005 1994 invenient.
1092 1936 1276 2011 Stygii
1301 1955 1407 2013 per
1430 1936 1670 1994 flumina
1692 1937 1901 2013 fratris,

332 2014 451 2072 Per
474 2015 604 2092 pice
631 2023 909 2078 torrentes
937 2014 1173 2089 atraque
1198 2015 1470 2089 voragine
1497 2014 1668 2092 ripas,
1963 2020 1983 2088 s

333 2093 593 2167 Annuit;
636 2100 695 2151 et
719 2100 900 2153 totum
929 2097 1074 2152 nutu
1102 2092 1423 2153 tremefecit
1451 2092 1786 2172 Olympum.-
1885 2127 1916 2139 «κ
2183 2098 2298 2152 115

336 2171 455 2230 Hic
481 2173 612 2230 finis
638 2172 812 2229 fandi.
899 2171 1057 2230 Solio
1085 2180 1206 2230 tum
1231 2171 1460 2249 Jupiter
1485 2192 1657 2231 aureo
1998 2187 2002 2191 “

338 2251 568 2328 Surgit3
609 2246 884 2308 c'oelicolt'e
911 2251 1167 2309 medium
1196 2255 1371 2327 quem
1399 2252 1472 2308 ad
1497 2252 1699 2317 limina
1724 2252 1960 2313 ducunt.

416 2330 645 2387 Interea
670 2326 876 2392 Rutuli
902 2330 1087 2407 portis
1110 2325 1340 2397 circum·
1357 2328 1624 2407 omnibus
1650 2330 1866 2388 instant

337 2407 610 2466 §temere
632 2410 795 2467 caede
822 2409 994 2483 viros,
1023 2410 1083 2466 et
1109 2408 1323 2467 moenia
1349 2409 1585 2484 cingere
1608 2408 1873 2466 flammis.

335 2487 415 2544 At
440 2487 590 2562 legio
618 2484 946 2549 AEneadz'im
973 2486 1147 2544 vallis·
1167 2485 1403 2561 obsessa
1427 2495 1689 2544 tenetur:
1895 2537 1908 2544 -
2183 2488 2297 2544 120

333 2564 467 2623 Nec
494 2583 625 2641 spes
653 2564 772 2621 ulla
797 2564 964 2639 sugae.
989 2577 996 2583 '
1047 2564 1254 2623 Miseri
1280 2573 1433 2642 stant
1457 2565 1703 2623 turribus
1732 2564 1860 2622 altis
1946 2608 1958 2619 ,

221 2662 231 2669 ·
334 2641 764 2719 Nequidquam,
793 2651 857 2701 et
879 2642 1001 2699 rara
1028 2660 1222 2698 muros
1250 2640 1487 2715 cinxere
1513 2642 1743 2705 corona.

332 2720 509 2777 Asius
539 2719 903 2794 Imbrasides,
933 2719 1428 2795 Hicetaoniusque
1465 2719 1826 2796 Thymoetes,

335 2798 715 2873 Assaracique
743 2799 877 2871 duo,
907 2806 966 2859 et
990 2797 1183 2865 senior
1207 2816 1343 2855 cum
1371 2798 1611 2859 Castore
1637 2799 1974 2876 Thymbris,

333 2875 530 2933 Prima
557 2877 729 2934 acies.
813 2875 940 2934 Hos
967 2876 1225 2952 germani
1255 2877 1606 2954 Sarpedonis
1635 2878 1824 2953 ambo,
2081 2919 2088 2924 -
2183 2882 2298 2935 125

334 2954 417 3013 Et
443 2955 667 3021 ClaruS,
691 2963 750 3013 et
774 2954 1064 3028 Themon,
1088 2956 1270 3031 Lycia
1297 2956 1642 3016 comitantur
1668 2957 1739 3016 ab
1768 2956 1899 3016 alta.
1933 2990 1936 2993 2

332 3033 474 3092 Fert
498 3034 702 3109 ingens
728 3042 848 3092 toto
876 3035 1161 3092 connixus
1189 3054 1426 3112 corpore
1454 3055 1681 3111 saxum,
1807 3077 1820 3084 ι

333 3112 510 3179 Haud
537 3121 755 3189 partem
784 3113 1053 3188 exiguam
1083 3114 1311 3190 montis,
1341 3115 1685 3190 Lyrnessius
1712 3115 1959 3187 Acmon,
2002 3146 2008 3152 ·
2039 3168 2046 3175 .

332 3191 396 3248 N
397 3202 473 3250 ec'
493 3192 687 3268 Clytio
714 3193 971 3268 genitore
1000 3191 1205 3266 minor,
1232 3211 1343 3252 nee
1369 3193 1541 3252 fratre
1569 3190 1940 3254 Menestheo.

334 3270 417 3326 Hi
450 3271 666 3347 “aculis,
694 3271 780 3330 illi
806 3278 1025 3330 certant
1051 3270 1363 3329 defendere
1391 3272 1564 3346 saxis,
1967 3301 1976 3307 ’
2179 3273 2296 3328 130

332 3291 648 3424 Moiirique
674 3349 890 3425 ignem,
917 3368 1214 3425 nervoque
1240 3358 1434 3428 aptare
1459 3350 1710 3426 sagittas·
1850 3387 1857 3393 -

334 3426 470 3501 Ipse
495 3427 645 3485 inter
671 3428 910 3504 medios,
933 3428 1182 3486 Veneris
1200 3428 1522 3507 justissima
1548 3440 1706 3500 cura,

334 3504 660 3566 Dardanius
687 3513 861 3583 caput
886 3506 1027 3565 eece
1049 3525 1195 3584 puer
1219 3507 1481 3567 detectus
1507 3506 1840 3580 honestum,

335 3582 540 3653 Qualis
566 3602 813 3658 gemma,
842 3585 1034 3660 micat,
1061 3584 1283 3645 fulvum
1311 3603 1444 3660 quae
1473 3585 1676 3645 dividit
1701 3603 1924 3661 aurum,
1981 3598 1986 3599 ⁷
2021 3607 2032 3612 ·

333 3662 454 3719 Aut
479 3660 628 3718 collo
655 3661 853 3736 decus,
884 3671 981 3720 aut
1005 3662 1217 3739 eapiti3
1259 3663 1359 3720 vel·
1384 3663 1556 3738 quale
1580 3682 1685 3741 per
1712 3671 1891 3722 artem
2180 3666 2296 3721 1³³

334 3738 634 3797 Inclusum
659 3738 849 3814 buxo,
866 3747 967 3809 aut
993 3740 1191 3797 Oricia
1215 3740 1561 3816 terebintho,

332 3816 523 3875 Lucet
547 3816 725 3875 ebur:
765 3816 921 3874 fusos
948 3817 1142 3875 cervix
1171 3818 1268 3876 cui
1293 3818 1481 3876 lactea
1507 3820 1697 3880 crines
1789 3861 1797 3869 -
