2717 4300
338 266 461 346 ⁶¹9⁶
1145 259 1512 318 AENmDos

360 411 707 473 Dardaniam
738 411 931 471 Siculo
959 410 1259 487 prospexit
1278 409 1354 467 ab
1382 428 1566 484 usque
1591 408 1898 485 Pachyno

360 492 598 550 Moliri
573 511 696 569 Jam
725 497 877 549 tecta
900 489 1123 562 videt,
1098 507 1222 564 Jam
1252 487 1430 543 fidere
1457 496 1643 560 terrae,
2194 493 2311 548 290

356 570 697 628 Deseruisse
724 576 909 625 rates:
953 566 1109 623 stetit
1136 565 1253 622 acri
1281 566 1400 621 fixa
1427 564 1640 622 dolore.
2191 578 2198 587 ·

356 648 529 722 Tum,
559 665 832 739 quassans
859 652 1048 719 caput,
1077 644 1206 699 haec
1235 642 1479 700 effundit
1503 652 1734 718 pectore
1762 642 1953 699 dicta·

357 722 493 783 Heu
521 726 755 800 stirpem
780 723 1062 780 invisam!
1107 729 1167 778 et
1191 720 1320 779 fatis
1347 721 1629 777 contraria
1654 721 1861 779 nostris

361 804 501 861 Fata
525 803 854 878 Phrygum!
898 819 1038 857 num
1069 799 1255 873 Sigeis
1283 798 1626 856 occumbere
1654 800 1894 890 campis,

355 881 515 940 Num
543 881 695 956 capti
719 876 958 955 potuere
987 877 1162 953 capi?
1205 896 1344 934 ιιιιιιι
1373 877 1611 934 incensa
1636 879 1912 935 cremavit
2192 884 2307 936 295

356 957 532 1035 Troja
556 959 753 1022 viros?
795 957 1014 1014 medias
1042 955 1197 1012 acies
1223 955 1561 1030 mediosque
1587 974 1692 1030 per
1715 956 1879 1030 ignes

357 1034 640 1093 Invenere
666 1036 838 1093 viam.
920 1035 1017 1108 At,
1047 1034 1237 1108 crede,
1267 1052 1398 1090 mea
1424 1033 1661 1090 numina
1686 1034 1919 1091 tandem

355 1113 540 1171 Fessa
556 1116 774 1191 jacent,
804 1113 950 1169 odiis
980 1120 1077 1168 aut
1103 1120 1430 1169 exsaturata
1455 1111 1667 1187 quievi.

359 1190 519 1272 Quin
547 1192 720 1249 etiam
745 1191 930 1267 patria
957 1209 1230 1247 excussos
1256 1189 1465 1247 infesta
1487 1208 1592 1266 per
1617 1189 1802 1248 undas
1897 1229 1904 1236 ·

358 1264 515 1326 Ausa
540 1268 721 1345 sequi,
751 1279 809 1326 et
833 1267 1086 1345 profugis
1112 1276 1230 1325 toto
1259 1286 1352 1324 me
1383 1286 1674 1344 opponere
1700 1275 1896 1345 ponto.
2193 1273 2308 1327 300

355 1347 734 1423 Absumptae
716 1366 778 1403 ιιι
806 1346 1063 1403 Teucros
1089 1346 1241 1403 vires
1267 1345 1514 1421 coelique
1542 1346 1845 1423 marisque.

359 1424 518 1495 Quid
546 1426 759 1499 syrtes,
789 1433 886 1482 aut
914 1423 1107 1499 Scylla
1132 1424 1293 1498 mihi,
1321 1423 1459 1498 quid
1484 1433 1646 1482 vasta
1672 1424 1997 1501 Charybdis

357 1502 617 1560 Profuit?
659 1509 852 1579 optato
880 1503 1204 1559 conduntur
1230 1501 1503 1577 Tybridis
1532 1501 1715 1577 alveo,

360 1581 560 1638 Securi
585 1580 794 1657 pelagi,
824 1587 993 1655 atque
1021 1580 1152 1636 mei.
1237 1580 1400 1636 Mars
1425 1580 1669 1672 perdere
1696 1589 1932 1655 gentem

359 1657 680 1716 Immanem
708 1656 1019 1748 Lapithum
1045 1657 1259 1714 valuit·
1302 1659 1589 1716 concessit
1614 1657 1675 1714 in
1701 1658 1813 1715 iras
2193 1663 2309 1717 305

359 1735 491 1812 Ipse
518 1736 691 1793 deum
719 1735 1011 1810 antiquam
1039 1735 1260 1809 genitor
1286 1734 1589 1810 Calydona
1613 1736 1870 1794 Dianae.

359 1813 535 1884 Quod
563 1813 751 1871 scelus
779 1821 878 1871 aut
903 1813 1178 1890 Lapithas
1204 1820 1445 1888 tantum,
1476 1826 1575 1871 aut
1601 1814 1902 1890 Calydona
1925 1817 2290 1873 merentem?

353 1893 465 1949 Ast
489 1910 616 1966 ego,
644 1909 853 1966 magna
875 1891 912 1949 J
914 1910 1037 1949 ovis
1065 1893 1299 1969 conjux,
1329 1891 1411 1948 nil
1439 1892 1742 1967 linquere
1724 1912 1992 1950 mausum

325 1982 337 1987 “
359 1968 506 2040 Quae
524 1970 695 2045 potui
719 1968 941 2045 infelix,
970 1988 1097 2044 quae
1125 1977 1341 2026 memet
1366 1969 1427 2025 in
1456 1970 1650 2027 omnia
1674 1970 1838 2045 verti,

355 2046 576 2104 Vincor
601 2045 672 2103 ab
699 2046 910 2104 AEnea.
996 2043 1174 2117 Quod
1201 2045 1249 2102 si
1276 2066 1406 2104 mea
1432 2048 1669 2104 numina
1694 2066 1812 2105 non
1840 2056 1973 2107 sunt
2193 2051 2309 2106 310

355 2124 574 2201 Magna
600 2120 757 2200 satis,
786 2124 1043 2184 dubitem
1070 2125 1225 2183 haud
1252 2124 1520 2203 equidem
1546 2125 1848 2203 implorare
1875 2126 2031 2205 quod

509 2223 577 2261 us
618 2222 749 2261 uam
777 2209 880 2261 est.

354 2222 690 2340 menter}
646 2281 695 2339 si
720 2301 946 2359 nequeo
978 2282 1249 2359 SuperoS,
1278 2280 1611 2340 Acheronta
1637 2282 1902 2341 movebo.

353 2359 492 2418 Non
521 2360 746 2420 dabitur
772 2360 962 2437 regnis
999 2358 1179 2436 (esto)
1215 2359 1518 2435 prohibere
1547 2360 1788 2436 Latinis,

247 2481 269 2491 -
353 2438 544 2514 Atque
571 2439 808 2495 immota
833 2446 1028 2496 manet
1052 2437 1183 2495 fatis
1212 2437 1456 2494 Lavinia
1482 2440 1734 2515 conjux:

353 2519 434 2573 At
459 2515 701 2588 trahere,
732 2524 900 2591 atque
928 2534 1117 2573 moras
1145 2516 1315 2571 tantis
1342 2514 1481 2571 licet
1509 2515 1719 2573 addere
1744 2515 1953 2574 rebus·
1936 2557 1955 2588 ‚
2193 2521 2308 2576 315

353 2597 434 2650 At
458 2593 594 2650 licet
620 2592 914 2650 amborum
941 2592 1187 2668 populos
1216 2591 1552 2648 exscindere
1580 2612 1797 2667 regum.

357 2671 487 2727 Hac
514 2688 691 2745 gener
717 2677 886 2745 atque
913 2688 1075 2726 socer
1100 2672 1307 2725 coeant
1333 2669 1600 2727 mercede
1628 2690 1879 2730 suorum.

358 2747 648 2821 Sanguine
677 2747 929 2824 Trojano
958 2755 1017 2804 et
1041 2746 1260 2803 Rutulo
1290 2746 1582 2822 dotabere,
1610 2749 1810 2826 virg03

356 2824 436 2882 Et
462 2824 708 2882 Bellona
734 2833 929 2884 manet
953 2833 1010 2883 te
1037 2825 1311 2901 pronuba.
1393 2825 1526 2882 Nec
1553 2827 1680 2885 face
1706 2825 1928 2888 tantum

354 2903 570 2961 Cisseis
597 2922 896 2979 praegnans
921 2904 1086 2979 ignes
1114 2903 1288 2961 enixa
1305 2904 1573 2982 jugales·
1558 2949 1574 2978 ,
2192 2911 2309 2966 320

356 2981 514 3052 Quin
543 2981 698 3038 idem
726 2981 946 3039 Veneri
971 2990 1163 3059 partus
1191 3001 1345 3056 suuS,
1377 2991 1436 3039 et
1459 2983 1624 3042 Paris
1652 2984 1812 3060 alter,

353 3060 740 3135 Funestaeque
767 3059 972 3118 iterum
1002 3060 1293 3118 recidiva
1277 3080 1337 3117 ιιι
1367 3060 1649 3137 Pergama
1675 3064 1861 3120 taedae.

432 3138 581 3195 Haec
607 3137 707 3195 ubi
734 3138 886 3196 dicta
912 3138 1088 3213 dedit,
1118 3147 1292 3196 terras
1318 3139 1606 3197 horrenda
1626 3139 1848 3216 petivit.

354 3216 693 3274 Luctificam
721 3217 946 3276 Allecto
974 3217 1219 3274 dirarum
1249 3217 1321 3274 ab
1349 3219 1487 3275 sede
1516 3218 1750 3275 dearum

356 3293 717 3371 Infernisque
745 3295 860 3354 ciet
885 3294 1176 3367 tenebris3
1219 3295 1315 3352 cui
1341 3296 1524 3353 tristia
1548 3295 1719 3368 bella,
2192 3302 2309 3357 325

355 3370 597 3447 Iraeque,
607 3373 986 3463 insidiaeque,
1012 3381 1076 3431 et
1100 3373 1340 3431 crimina
1365 3374 1542 3430 noxia
1566 3373 1745 3432 cordi.
2291 3380 2298 3391 “

355 3448 495 3507 Odit
521 3457 580 3507 et
604 3450 728 3526 ipse
754 3460 917 3528 pater
942 3451 1174 3526 Pluton,
1205 3442 1400 3509 odere
1405 3470 1625 3508 sorores

353 3526 642 3585 Tartareae
672 3538 1024 3588 monstrum:
1066 3537 1150 3586 tot
1172 3549 1302 3586 sese
1330 3529 1500 3586 vertit
1525 3529 1583 3585 in
1613 3548 1730 3604 ora,

353 3595 501 3662 Tam
531 3624 700 3663 saevae
729 3607 924 3682 faeieS,
954 3615 1038 3664 tot
1063 3607 1304 3683 pullulat
1331 3614 1451 3663 atra
1476 3606 1743 3666 colubriS.

355 3683 547 3751 Quam
573 3683 727 3740 Juno
755 3683 845 3740 his
875 3683 1029 3740 acuit
1052 3684 1262 3758 verbis,
1295 3703 1360 3740 ac
1390 3684 1525 3742 talia
1550 3684 1736 3744 fatur.
2193 3692 2312 3747 330

353 3760 530 3840 Hunc
560 3759 703 3816 mihi
731 3754 804 3816 da
826 3760 1140 3838 proprium,
1169 3762 1328 3837 virgo
1356 3771 1478 3819 sata
1502 3762 1716 3841 Nocte,
1743 3764 2019 3841 laborem,
2367 3758 2372 3766 ’
