2717 4300
1236 284 1469 346 LIBER
1505 286 1550 346 1.

413 431 612 498 Urunt
635 433 879 496 Lethaeo
902 436 1138 514 perfusa
1162 457 1453 515 papavera
1476 458 1698 498 somno.

416 517 539 575 Sed
563 523 758 574 tamen
785 515 1019 574 alternis
1045 515 1229 574 facilis
1255 517 1456 591 labor3
1499 519 1658 577 arida
1684 516 1910 581 tantun

414 594 479 653 Ν
481 604 794 653 e-saturare
821 593 959 652 fimo
983 595 1188 672 pingui
1212 597 1433 672 pudeat
1457 597 1598 673 sola,
1627 617 1777 658 neve

415 672 662 733 Effoetos
690 673 944 731 cinerem
969 674 1332 749 immundum
1351 676 1573 754 jactare
1599 692 1707 754 per
1732 692 1917 755 agros.

419 753 518 810 Sic
546 771 774 831 quoque
801 752 1032 810 mutatis
1058 752 1427 830 requiescunt
1451 754 1682 827 foetibus
1709 774 1881 831 ωας

414 831 478 889 N
481 850 549 888 ec
577 833 738 906 nulla
761 831 981 891 interea
1006 841 1095 890 est
1114 832 1346 891 inaratae
1376 833 1555 908 gratia
1580 843 1765 893 terrae.

497 907 667 988 Saepe
699 911 871 969 etiam
900 909 1122 968 steriles
1149 910 1464 969 incendere
1487 912 1701 989 profuit
1727 932 1911 990 agros,

414 990 608 1065 Atque
636 989 826 1047 levem
856 988 1125 1066 stipulam
1152 990 1563 1067 crepitantibus
1591 1011 1757 1051 urere
1782 992 2072 1052 flammis:

417 1068 555 1125 Sive
584 1068 720 1125 inde
740 1059 999 1126 ‘occultas
1024 1068 1177 1127 vires
1198 1077 1257 1127 et
1280 1068 1495 1146 pabula
1521 1077 1686 1128 terrae

417 1146 663 1223 Pinguia
688 1146 1056 1223 concipiunt3
1098 1147 1222 1205 sive
1250 1148 1365 1206 illis
1392 1166 1564 1206 omne
1589 1168 1695 1226 per
1721 1149 1919 1226 ignem

417 1225 779 1302 Excoquitur
804 1225 1031 1299 vitium,
1060 1233 1232 1303 atque
1258 1227 1507 1285 exsudat
1532 1226 1752 1287 inutilis
1777 1229 2019 1304 humor-3

419 1305 534 1362 Seu
555 1305 755 1381 plures
783 1303 940 1362 calor
964 1303 1065 1360 ille
1091 1306 1217 1362 vias
1240 1311 1303 1362 et
1327 1323 1492 1362 caeca
1515 1305 1738 1364 relaxat

416 1384 794 1459 spiramenta,
821 1401 1003 1440 novas
1029 1383 1225 1461 veniat
1250 1384 1366 1461 qua
1394 1401 1604 1441 succus
1629 1385 1690 1442 in
1718 1383 1961 1460 herbas;

415 1463 534 1521 Seu
563 1463 727 1520 durat
752 1458 953 1537 magis,
984 1471 1043 1519 et
1068 1481 1248 1521 venas
1275 1461 1537 1537 astringit
1561 1460 1809 1540 hiantes,

413 1541 476 1600 N
483 1561 514 1599 e
541 1549 747 1599 tenues
771 1540 1005 1617 pluviae,
1034 1540 1291 1619 rapidive
1316 1541 1577 1618 potentia
1601 1543 1738 1601 solis

411 1621 638 1695 Aptior,
666 1628 764 1677 aut
790 1619 995 1677 Boreae
1023 1619 1379 1695 penetrabile
1406 1618 1583 1696 frigus
1610 1622 1827 1680 adurat.

491 1696 747 1757 Multum
775 1694 921 1761 adeo,
949 1699 1140 1756 rastris
1162 1697 1366 1774 glebas
1387 1698 1485 1776 qui
1512 1699 1721 1776 frangit
1745 1700 1979 1776 inerteS,

410 1776 827 1854 vimineasque
854 1777 1028 1835 trahit
1055 1786 1257 1853 crates,
1272 1780 1442 1856 juvat
1468 1796 1634 1852 πτας
1678 1797 1868 1857 neque
1896 1780 2062 1841 illum

409 1857 598 1915 Flava
623 1856 804 1914 Ceres
832 1855 946 1914 alto
973 1856 1359 1934 nequidquam
1388 1864 1611 1934 spectat
1637 1852 1928 1937 Olympo;

409 1936 493 1993 Et
517 1936 616 2013 qui
641 1933 929 2012 proscisso
956 1950 1085 2012 quae
1104 1932 1350 1994 ,suscitat
1377 1952 1608 2013 aequore
1634 1944 1794 2012 terga
1881 1996 1886 2001 ,

408 2015 632 2075 Rursus
659 2034 718 2072 ιιι
746 2014 1042 2090 obliquum
1070 2032 1238 2072 verso
1264 2015 1583 2093 perrumpit
1620 2025 1822 2092 aratro,

410 2094 782 2172 Exercetque
808 2093 1077 2170 frequens
1104 2093 1388 2171 tellurem,
1420 2102 1590 2173 atque
1616 2095 1862 2186 imperat
1887 2094 2057 2156 arvis.

489 2173 749 2232 Humida
773 2172 1017 2231 solstitia
1045 2181 1216 2249 atque
1243 2173 1470 2236 hiemes
1497 2183 1652 2233 orate
1680 2194 1933 2250 serenas,

409 2252 697 2328 Agricolae
719 2271 737 2325 ;
779 2248 1024 2310 hiberno
1052 2251 1347 2310 laetissima
1371 2253 1615 2329 pulvere
1640 2253 1806 2329 sarra,

410 2330 605 2390 Laetus
634 2350 799 2407 ager:
843 2330 1003 2389 nullo
1030 2327 1255 2389 tantum
1278 2350 1346 2389 se
1374 2330 1573 2408 Mysia
1597 2330 1760 2389 cultu

406 2410 626 2486 saetae.
642 2419 700 2469 et
725 2410 855 2487 ipsa
879 2429 1015 2468 suas
1040 2410 1317 2469 mirantur
1343 2411 1600 2487 Gargara
1619 2407 1862 2470 inesses.
1899 2453 1926 2472 ι.

432 2531 442 2536 -
488 2490 645 2561 Quid
674 2490 881 2564 dicam,
893 2491 1053 2567 jacto
1074 2490 1172 2567 qui
1198 2490 1422 2548 semine
1450 2490 1776 2548 comminus
1803 2508 1940 2548 arva

409 2566 751 2646 Insequitur,
774 2567 1150 2645 cumulosque
1176 2569 1290 2627 ruit
1314 2565 1467 2627 male
1495 2567 1729 2645 pinguis
1757 2587 1986 2642 arenae;

406 2646 639 2706 Deinde
665 2647 803 2706 satis
828 2646 1067 2705 fluvium
1094 2647 1316 2705 inducit
1340 2647 1609 2724 rivosque
1636 2654 1977 2725 sequentes3

407 2726 507 2801 Et,
535 2746 710 2804 quum
738 2734 976 2784 exustus
1004 2744 1140 2801 ager
1165 2726 1541 2788 morientibus
1563 2733 1768 2785 aestuat
1792 2724 2010 2802 herbis,

407 2805 570 2864 Ecce
598 2805 907 2884 supercilio
933 2804 1138 2863 clivosi
1164 2805 1409 2864 tramitis
1432 2805 1647 2863 undam
1887 2819 1892 2824 ’

298 2890 308 2900 “
408 2884 630 2943 Elicit?
671 2884 771 2942 illa
798 2884 1013 2944 cadens
1039 2903 1276 2942 raucum
1302 2902 1413 2961 per
1435 2883 1591 2942 levia
1614 2902 1873 2942 murmur
1974 2877 1980 2882 ’

410 2963 563 3021 Saxa
588 2964 722 3037 ciet,
748 2963 1142 3039 scatebrisque
1169 2962 1389 3021 arentia
1416 2970 1700 3040 temperat
1726 2981 1877 3020 arva.

316 3049 325 3054 ’
408 3040 587 3117 Quid,
615 3042 733 3121 qui,
761 3060 838 3100 ne
863 3041 1112 3117 gravidis
1132 3041 1475 3118 procumbat
1500 3041 1726 3100 culmus
1754 3041 1960 3116 aristis,

407 3122 724 3180 Luxuriem
747 3128 1008 3197 segetum
1034 3118 1237 3179 tenera
1263 3120 1526 3196 depascit
1549 3120 1609 3182 in
1639 3119 1844 3196 herba,

407 3200 604 3271 Quum
630 3196 879 3277 primum
900 3199 1099 3257 ‘sulcos
1127 3205 1359 3274 aequant
1385 3200 1551 3257 sata?
1592 3199 1805 3276 quique
1829 3195 2057 3275 paludis

406 3278 1062 3344 Collectumhumorem
1088 3276 1289 3335 bibula
1316 3277 1554 3336 deducit
1579 3278 1774 3351 arena,
1885 3321 1890 3324 -

404 3355 731 3415 Praesertim
757 3356 993 3416 incertis
1019 3357 1069 3415 si
1096 3355 1396 3413 mensibus
1422 3356 1608 3414 amnis
1637 3353 1937 3413 abundans

402 3435 568 3511 Exit,
597 3443 657 3494 et
681 3434 934 3494 obducto
961 3433 1076 3494 late
1103 3441 1267 3493 tenet
1292 3435 1488 3492 omnia
1511 3434 1672 3508 limo,

403 3513 580 3574 Unde
609 3532 770 3572 cavae
798 3514 996 3592 tepido
1023 3514 1233 3574 sudant
1256 3512 1500 3570 humore
1526 3511 1801 3570 lacunae?

2296 1779 2373 1840 93

2247 2177 2372 2235 100

2257 2570 2370 2628 10⁵

2257 2965 2369 3020 110

2255 3358 2369 3414 115

480 3592 544 3650 N
546 3612 615 3651 ec
643 3602 858 3668 tamen,
888 3593 1017 3650 haec
1046 3612 1222 3669 quum
1250 3591 1369 3650 sint
1393 3591 1807 3669 homlnumque
1831 3587 2124 3668 boumque
2141 3557 2369 3650 labores

401 3670 708 3730 Versando
735 3680 943 3730 terram
971 3672 1215 3749 experti,
1244 3670 1392 3730 nihil
1415 3670 1714 3748 improbus
1742 3688 1928 3745 anser,

407 3750 869 3826 Strymoniaeque
897 3769 1086 3826 grues,
1108 3759 1168 3809 et
1194 3750 1402 3809 amaris
1427 3749 1628 3808 intuba
1651 3750 1829 3824 fibris,

402 3828 701 3903 Officiunt,
731 3837 830 3887 aut
853 3829 1055 3888 umbra
1073 3838 1261 3889 nocet.
1343 3825 1517 3888 Pater
1542 3830 1666 3897 ipse
1687 3826 1919 3887 colendi

2254 3748 2369 3836 1ξο
