2717 4300
1197 314 1506 370 ECLOGA
1543 316 1615 399 x.

419 579 649 639 Desine
674 578 862 659 plura,
892 599 1075 658 puer;
1117 588 1177 653 et
1202 523 1552 660 (ιιι(ἴκὶαζῐιιιιξῗιὶ-λ
1570 585 1744 644 instat
1770 550 2028 663 agamus.

421 658 703 719 Carmina
728 666 854 723 tum
884 657 1115 736 melius,
1143 680 1325 739 quum
1351 663 1576 723 venerit
1603 663 1749 742 ipse,
1776 682 2074 749 canemus.

1068 977 1562 1058 ECLOGA
1615 979 1737 1056 X.

1264 1244 1536 1293 GALLUS.
1587 1248 1596 1256 ⁸

418 1332 989 1407 Exrnnuum‘hunc,
1018 1332 1330 1409 Arethusa,
1359 1335 1506 1392 mihi
1533 1336 1791 1394 concede
1819 1337 2116 1400 laborem:

416 1412 616 1469 Pauca
641 1431 772 1470 meo
802 1412 994 1487 Gallo,
1023 1412 1129 1469 sed
1156 1431 1288 1490 quae
1316 1413 1472 1488 legat
1499 1413 1627 1491 ipsa
1653 1415 1911 1492 Lycoris,

416 1491 692 1548 Carmina
718 1499 853 1548 sunt
879 1490 1163 1547 dicenda:
1218 1501 1395 1568 neget
1419 1493 1550 1568 quis
1579 1493 2080 1555 carminaGallo?

418 1569 518 1626 Sic
546 1569 669 1644 tibi,
698 1588 879 1645 quum
907 1568 1121 1627 fluctus
1148 1569 1539 1629 subterlabere
1569 1571 1831 1649 Sicanos,

416 1648 593 1705 Doris
621 1667 816 1705 amara
840 1667 1006 1705 suam
1035 1667 1150 1705 non
1174 1649 1569 1708 intermisceat
1595 1652 1846 1709 undam!

416 1725 656 1802 Incipe:
699 1725 977 1785 sollicitos
1004 1727 1159 1785 Galli
1186 1727 1451 1786 dieamus
1478 1747 1723 1805 amores,

415 1805 577 1862 Dum
606 1813 806 1863 tenera
831 1806 1130 1864 attondent
1156 1806 1319 1878 simae
1347 1806 1594 1883 virgulta
1621 1807 1888 1885 capellae.

413 1883 553 1942 Non
582 1884 848 1942 canimus
876 1885 1098 1958 surdis3
1141 1887 1498 1962 respondent
1524 1887 1722 1943 omnia
1747 1886 1929 1945 silvae.

495 1962 648 2034 Quae
676 1981 934 2037 nemora,
964 1972 1064 2021 aut
1090 1963 1190 2040 qui
1216 1984 1321 2021 vos
1349 1965 1527 2023 saltus
1554 1962 1834 2041 habuere,
1862 1965 2075 2042 puellae

413 2040 658 2115 Naides,
687 2040 925 2116 indigno
953 2046 1135 2118 quum
1166 2043 1369 2101 Gallus
1398 2038 1593 2102 amore
1620 2044 1876 2121 periret?

389 2119 570 2178 'Nam
599 2138 791 2197 neque
817 2119 1085 2194 Parnassi
1111 2121 1276 2180 vobis
1295 2123 1459 2200 juga,
1480 2140 1617 2181 nam
1645 2138 1839 2200 neque
1869 2123 2045 2183 Pindi

414 2198 553 2258 Ulla
580 2218 801 2257 moram
828 2195 1043 2273 fecere,
1071 2218 1264 2276 neque
1291 2202 1485 2260 Aonia
1509 2202 1839 2279 Aganippe.

416 2275 592 2335 Illum
621 2278 795 2348 etiam
822 2277 986 2353 lauri,
1017 2277 1191 2335 etiam
1217 2275 1433 2336 flevere
1463 2280 1737 2355 myricae3

413 2354 636 2414 Pinifer
660 2353 1025 2415 illum'etiam
1058 2356 1181 2414 solii
1207 2356 1317 2415 sub
1345 2376 1490 2436 rupe
1509 2359 1810 2435 jacentem

413 2434 702 2492 Maenalus
729 2443 788 2493 et
814 2435 989 2512 gelidi
1014 2433 1300 2494 fleverunt
1326 2452 1466 2494 saxa
1492 2436 1713 2512 Lycaei.

390 2513 583 2571 *Stant
609 2522 668 2573 et
690 2531 833 2571 oves
861 2510 1082 2572 circum
1105 2532 1122 2586 3
1165 2516 1342 2572 nostri
1370 2533 1481 2574 nec
1508 2515 1753 2592 poenitet
1778 2512 1940 2573 illas:

413 2592 543 2649 Nec
574 2599 635 2649 te
656 2591 937 2668 poenitest
960 2592 1208 2668 pecoriS,
1238 2594 1434 2651 divine
1461 2596 1669 2670 poeta3

410 2670 494 2728 Et
517 2669 799 2728 formosus
830 2689 969 2728 oves
997 2670 1067 2729 ad
1095 2670 1339 2729 flumina
1364 2672 1526 2749 pavit
1550 2671 1795 2729 Adonis.

494 2748 670 2808 Venit
696 2758 756 2806 et
781 2749 996 2826 upilio;
1038 2750 1185 2808 tardi
1210 2748 1426 2808 venere
1451 2749 1730 2827 bubulci3

410 2826 642 2886 Uvidus
669 2827 912 2885 hiberna
938 2828 1097 2886 venit
1124 2829 1197 2886 de
1224 2830 1435 2904 glande
1462 2829 1806 2888 Menalcas:

410 2905 652 2981 Omnes,
682 2905 858 2966 Unde
887 2926 1048 2965 amor
1073 2907 1198 2982 iste,
1228 2917 1449 2984 rogant,
1477 2907 1624 2965 tibi?
1704 2907 1888 2967 Venit
1912 2907 2127 2987 Apollo
2151 2929 2167 2969 ε

411 2984 598 3060 Galle,
628 2984 766 3062 quid
794 2985 1054 3044 insanis?
1096 2986 1320 3062 inquit:
1364 2995 1466 3050 tua
1493 3006 1634 3045 cura
1661 2987 1901 3061 Lycoris

409 3063 638 3139 Perque
666 3063 828 3122 nives
856 3063 1033 3122 alium
1060 3083 1280 3140 perque
1307 3065 1539 3123 horrida
1564 3075 1753 3125 castra
1777 3073 1982 3125 secuta
2008 3073 2115 3125 est.

408 3140 598 3201 Venit
623 3150 682 3200 et
709 3142 917 3218 agresti
945 3142 1154 3219 capitis
1187 3143 1460 3201 Silvanus
1485 3144 1725 3220 honore,

408 3219 711 3279 Florentes
737 3221 950 3279 ferulas
977 3233 1037 3280 et
1063 3222 1297 3297 grandia
1324 3221 1447 3280 lilia
1472 3242 1768 3300 quassans.

408 3299 552 3375 Pan,
583 3299 729 3357 deus
755 3299 1045 3375 Arcadiae,
1073 3299 1253 3375 venit,
1284 3318 1470 3377 quem·
1486 3302 1741 3376 vidimus
1767 3299 1883 3378 ipsi

409 3377 756 3454 Sanguineis
784 3378 942 3436 ebuli
964 3378 1165 3457 baccis
1194 3379 1491 3455 minioque
1518 3379 1859 3438 rubentem:

407 3456 630 3534 Ecquis
658 3457 768 3516 erit
795 3458 1046 3517 modus?
1087 3457 1308 3534 inquit3
1350 3460 1536 3515 Amor
1560 3476 1678 3514 non
1706 3456 1844 3515 talia
1868 3464 2066 3517 curat:

406 3535 462 3594 N
470 3554 539 3594 ec
567 3536 840 3613 lacrymis
870 3536 1122 3594 crudelis
1150 3539 1352 3610 Amor,
1383 3554 1494 3593 nec
1523 3534 1784 3612 gramina
1808 3535 1966 3611 rivis,

404 3615 538 3673 Nec
567 3615 751 3692 cytiso
778 3622 1103 3673 saturantur
1129 3634 1287 3693 apes,
1316 3633 1428 3672 nec
1456 3613 1656 3673 fronde
1685 3615 1948 3692 capellae.

482 3693 692 3752 Tristis
719 3702 778 3752 at
802 3693 922 3769 ille,
952 3693 1182 3752 Tamen
1211 3693 1537 3769 cantabitis,
1567 3694 1855 3769 Arcades,·
1876 3693 2082 3771 inquit,

403 3770 713 3831 Montibus
740 3772 870 3830 hoec
898 3773 1137 3831 vestris:
1179 3772 1288 3831 soli
1314 3781 1547 3831 cantare
1572 3773 1745 3850 periti

406 3851 681 3910 Arcades.
767 3850 820 3911 O
849 3851 992 3910 mihi
1020 3859 1146 3910 tum
1174 3849 1352 3929 quam
1382 3853 1633 3911 molliter
1658 3870 1789 3910 ossa
1814 3848 2135 3928 quiescant,

2303 2050 2376 2107 10

2304 2443 2376 2498 15

2294 3225 2374 3284 2³

2292 3617 2371 3673 30
