2717 4300
1260 288 1683 350 nemean.

1327 509 1608 550 ‘rr-rmus.

489 566 644 631 Ante
672 569 832 628 leves
857 586 996 645 ergo
1023 578 1332 647 pascentur
1356 569 1417 627 in
1447 570 1661 630 aethere
1688 570 1866 649 cervi,

487 646 571 706 Et
597 647 742 707 freta
766 647 1080 706 destituent
1104 648 1290 706 nudos
1316 648 1378 705 in
1406 648 1593 707 littore
1618 648 1842 726 pisces;

487 723 666 802 Ante,
693 725 996 803 pererratis
1024 727 1321 785 amborum
1349 727 1582 801 finibus,
1611 727 1777 786 exsul

487 807 609 863 Aut
634 804 859 864 Ararim
886 804 1133 863 Parthus
1160 804 1339 881 bibet,
1369 814 1468 864 aut
1495 806 1808 864 Germania
1833 795 2076 885 Tigrim,

489 881 689 954 Quam
717 891 910 941 nostro
931 883 1085 941 illius
1113 883 1335 941 labatur
1358 893 1593 961 pectore
1621 884 1831 943 vultus.

1291 1023 1635 1064 usuam-us.
1681 1038 1688 1045 =

487 1084 570 1141 At
595 1101 701 1139 nos
727 1083 864 1140 hinc
892 1082 989 1140 alii
1016 1083 1275 1142 sitientes
1303 1083 1514 1142 ibimus
1541 1085 1745 1158 Afros;

489 1161 632 1218 Pars
662 1161 976 1238 Scythiam,
1006 1171 1066 1220 et
1090 1162 1349 1239 rapidum
1381 1163 1570 1221 Cretae
1602 1162 1905 1222 veniemus
1933 1160 2177 1241 Oaxcm,
2235 1200 2244 1217 ι

488 1240 572 1297 Et
596 1236 826 1316 penitus
852 1248 973 1297 toto
1000 1240 1214 1297 divisos
1241 1240 1381 1298 orbe
1409 1241 1734 1299 Britannos.

491 1319 607 1391 En,
637 1335 887 1394 unquam
916 1318 1129 1394 patrios
1155 1317 1328 1394 longo
1353 1315 1488 1394 post
1516 1330 1773 1396 tempore
1800 1319 1967 1395 fines,

489 1395 767 1472 Pauperis
795 1405 854 1454 et
878 1395 1070 1471 tuguri
1098 1405 1435 1472 congestum
1465 1397 1682 1474 cespite
1709 1396 1959 1472 culmen,

489 1474 632 1532 Post
658 1473 890 1550 aliquot,
921 1494 1052 1532 mea
1078 1494 1253 1550 regna
1279 1475 1505 1549 videns,
1534 1475 1782 1533 mirabor
1808 1476 2048 1535 aristas?

493 1553 712 1629 Impius
738 1552 864 1610 haec
893 1561 1009 1610 tam
1038 1554 1191 1633 culta
1216 1552 1446 1610 novalia
1474 1553 1639 1612 miles
1665 1553 1944 1613 habebit?

491 1630 776 1688 Barbarus
803 1631 908 1688 has
935 1635 1201 1706 segetes?
1283 1633 1401 1706 En,
1433 1629 1547 1709 quo
1575 1632 1863 1691 discordia
1888 1634 2046 1691 cives

489 1710 770 1767 Perduxit
795 1708 1066 1767 miseros!
1150 1711 1266 1786 En,
1296 1712 1459 1787 queis
1487 1711 1852 1769 consevimus
1880 1712 2077 1787 agros!

489 1787 688 1846 lusere
716 1806 891 1862 nunc,
922 1788 1221 1864 Meliboee,
1249 1790 1438 1866 piros!
1482 1808 1633 1866 pone
1661 1789 1862 1847 ordine
1887 1791 2070 1848 vites!

572 1867 660 1925 Ite
688 1885 852 1941 meae,
880 1866 1022 1924 felix
1049 1867 1336 1944 quondam
1365 1886 1563 1946 pecus,
1591 1868 1691 1943 ite,
1721 1868 1994 1945 capelloe:

487 1945 626 2003 Non
656 1963 764 2020 ego
792 1964 895 2003 vos
923 1947 1182 2022 posthac,
1212 1947 1381 2004 viridi
1407 1947 1696 2024 projectus
1723 1946 1784 2003 in
1813 1954 1995 2022 antro,

489 2023 750 2082 Dnmosa
775 2024 1030 2101 pendere
1055 2025 1254 2102 procul
1282 2025 1357 2083 de
1385 2043 1527 2102 rupe
1552 2024 1800 2082 videbo:

488 2103 761 2161 Carmina
787 2101 945 2161 nulla
971 2104 1210 2162 canam:
1252 2122 1392 2179 non,
1420 2122 1515 2162 me
1546 2111 1840 2181 pascente,
1869 2102 2126 2183 capellae,

489 2182 820 2241 Florentem
846 2183 1091 2259 cytisum
1121 2192 1179 2241 et
1206 2182 1418 2259 salices,
1437 2182 1682 2259 carpetis
1709 2201 1944 2240 amaras.

1320 2326 1602 2366 rimus.

490 2385 605 2445 Hic
634 2395 825 2445 tamen
853 2387 1004 2446 hanc
1031 2405 1259 2446 mecum
1286 2396 1515 2465 poteras
1542 2386 1903 2464 requiescere
1929 2393 2160 2447 noctem

488 2466 718 2525 Fronde
744 2484 918 2543 super
941 2466 1144 2525 viridi:
1187 2475 1323 2526 sunt
1346 2466 1515 2525 nobis
1543 2466 1707 2524 mitia
1730 2483 1924 2543 poma,

487 2545 790 2603 Castancae
820 2544 1045 2619 molles,
1072 2554 1133 2603 et
1159 2545 1342 2622 pressi
1369 2545 1538 2622 copia
1562 2544 1763 2603 lactis:

487 2623 572 2681 Et
588 2624 711 2701 jam
741 2641 967 2681 summa
990 2624 1191 2701 procul
1217 2624 1484 2684 villarum
1510 2622 1767 2682 culmina
1792 2621 2035 2699 sumant,

487 2702 856 2781 Majoresque
884 2703 1098 2762 eadunt
1125 2703 1252 2762 dtis
1279 2703 1354 2761 dc
1381 2701 1677 2761 montibus
1704 2701 1941 2760 umbrae.

1142 3007 1637 3083 ECLOGA
1684 3007 1807 3082 ΙΙ.

1348 3160 1588 3175 m

1339 3242 1595 3292 ALEXIS.

484 3343 829 3403 Formosum
855 3352 1054 3426 pastor
1074 3342 1348 3420 Corydon
1378 3344 1614 3425 ardebat
1639 3344 1875 3420 Alexin,

486 3423 743 3482 Delicias
771 3422 1029 3496 domini3
1069 3441 1200 3497 nec,
1229 3422 1369 3499 quid
1396 3435 1667 3500 speraret,
1696 3422 1962 3484 habebat.

486 3499 738 3561 Tantum
767 3503 918 3561 inter
944 3502 1170 3576 densas,
1198 3501 1472 3560 umbrosa
1496 3502 1814 3571 cacumina,
1843 3502 2004 3580 sagos

485 3580 736 3640 Assidue
766 3579 1072 3640 veniebat:
1115 3581 1196 3639 ibi
1223 3581 1348 3639 haec
1380 3580 1671 3640 incondita
1696 3582 1853 3641 solus

484 3660 789 3720 Montibus
817 3668 877 3718 et
900 3658 1063 3717 silvis
1087 3660 1277 3718 studio
1296 3657 1554 3737 jactabat
1577 3661 1737 3719 inani
1762 3682 1776 3719 z

564 3740 618 3799 Ο
645 3738 895 3797 crudelis
921 3738 1116 3812 Alexi,
1144 3739 1287 3797 nihil
1319 3758 1451 3797 mea
1474 3742 1729 3798 carmina
1753 3756 1957 3812 curas3

483 3818 545 3877 N
548 3817 587 3876 il
619 3817 793 3877 nostri
825 3818 1133 3891 πίπτει-ος
1173 3820 1318 3877 mori
1347 3838 1441 3877 me
1466 3819 1721 3896 denique
1747 3815 1957 3892 coges!

2363 1092 2443 1146 65

2365 1479 2443 1537 '70

2355 1865 2446 1925 '75
