2717 4300
372 307 479 366 138
643 324 654 331 -
1230 272 1594 365 AENEiDos

373 456 532 529 Quid
561 456 771 516 struit?
812 463 909 514 aut
935 456 1050 533 qua
1076 475 1179 533 spe
1206 456 1445 514 inimica
1471 457 1532 517 in
1560 446 1732 533 gente
1758 467 2011 521 moratur
2029 462 2057 519 ἓ

369 534 434 594 N
435 553 504 592 ec
531 535 753 611 prolem
781 534 1102 592 Ausoniam
1130 542 1188 592 et
1213 535 1458 592 Lavinia
1483 537 1720 613 respicit
1747 541 1924 597 arva?

369 611 434 671 N
435 613 658 687 aviget3
702 611 827 669 haec
854 631 1078 668 summa
1105 621 1226 671 est:
1268 612 1367 670 hic
1396 612 1576 670 nostri
1601 615 1837 674 nuntius
1864 624 2006 676 esto.

449 689 710 749 Dixerat.
796 689 902 746 Ille
929 690 1103 766 patris
1131 690 1325 765 magni
1351 709 1551 768 parere
1578 693 1813 768 parabat

371 767 624 844 Imperio
651 787 668 823 :⁷
710 775 770 825 et
792 765 1043 843 primum
1070 769 1316 844 pedibus
1344 769 1542 825 talaria
1569 770 1747 828 nectit

366 847 579 919 Aurea,
608 863 739 920 quae
769 844 1224 921 sublimemalis,
1253 847 1377 903 sive
1404 866 1634 923 aequora
1658 867 1849 926 supra,

371 922 489 979 Seu
517 930 744 997 terram,
773 923 973 999 rapido
999 924 1212 1000 pariter
1237 943 1375 989 cum
1401 924 1633 982 flamine
1660 935 1906 1005 portant.

366 998 522 1060 Tum
548 1000 769 1074 virgam
798 1001 954 1077 capit
977 1021 990 1057 ε
1033 1001 1145 1059 hac
1176 1002 1398 1059 animas
1425 1001 1524 1059 ille
1554 1012 1758 1064 evocat
1786 1005 1938 1065 Orco

365 1075 678 1153 Pallentes,
708 1078 847 1135 alias
875 1078 984 1136 sub
1012 1079 1251 1137 Tartara
1276 1080 1458 1137 tristia
1483 1080 1693 1157 mittit;

365 1154 484 1213 D'at
510 1174 760 1230 somnos,
792 1156 1123 1233 adimitque,
1153 1165 1211 1215 et
1236 1157 1458 1215 lumina
1484 1167 1668 1217 morte
1694 1159 1982 1238 resignat:

366 1231 477 1290 Illa
502 1233 678 1291 fretus
708 1234 824 1309 agit
848 1243 1072 1309 ventos,
1102 1243 1160 1293 et
1185 1235 1413 1294 turbida
1439 1244 1622 1295 tranat

364 1309 602 1368 Nubila.
682 1312 719 1370 J
722 1331 927 1386 amque
954 1313 1153 1370 volans
1183 1314 1408 1390 apicem
1437 1321 1496 1371 et
1521 1313 1699 1374 latera
1724 1317 1899 1375 ardua
1925 1317 2111 1378 cernit

362 1388 613 1447 Atlantis
641 1391 786 1465 duri,
815 1391 1025 1466 coelum
1055 1391 1156 1466 qui
1181 1393 1397 1450 vertice
1423 1391 1623 1466 fulcit3

275 1508 280 1511 -
362 1467 632 1542 Atlantia,
662 1468 912 1526 cinctum
942 1465 1171 1525 assidue
1201 1470 1295 1527 cui
1322 1468 1573 1528 nubibus
1601 1471 1734 1530 atris
1783 1480 1789 1484 ’

362 1543 686 1603 Piniferum
715 1555 886 1622 caput
912 1555 971 1604 et
998 1555 1171 1603 vento
1197 1547 1458 1623 pulsatur
1485 1555 1543 1604 et
1568 1549 1774 1607 imbri:

363 1621 489 1681 Nix
513 1621 788 1680 humeros
815 1623 1005 1681 infusa
1030 1624 1205 1698 tegit3
1248 1633 1370 1683 tum
1396 1624 1637 1684 flumina
1663 1636 1860 1686 mento

363 1699 741 1777 Praecipitant
766 1701 940 1776 seniS,
970 1708 1028 1759 et
1054 1701 1237 1776 glacie
1264 1703 1411 1778 riget
1435 1702 1665 1775 horrida
1688 1705 1882 1764 barba.

364 1776 483 1835 Hic
508 1775 759 1854 primum
785 1779 1019 1855 paribus
1046 1780 1236 1838 nitens
1264 1780 1566 1857 Cyllenius
1595 1783 1699 1842 alis

363 1856 669 1915 Constitit:
712 1857 849 1915 hinc
876 1866 995 1916 toto
1021 1877 1284 1937 praeceps
1312 1879 1375 1917 se
1403 1879 1638 1936 corpore
1667 1861 1740 1919 ad
1766 1860 1951 1928 undas
2006 1862 2017 1867 ’

362 1933 567 2008 Misit3
611 1935 704 1992 avi
732 1936 956 2011 similis,
983 1956 1113 2012 quae
1142 1938 1357 2001 ’circum
1386 1939 1593 2014 littora,
1622 1939 1841 1999 c'ircum

361 2011 630 2071 Piscosos
659 2014 943 2092 scopulos,
972 2014 1209 2074 humilis
1235 2016 1393 2074 volat
1419 2035 1650 2092 aequora
1664 2019 1854 2095 juxta.

362 2089 540 2150 Haud
568 2091 730 2150 aliter
755 2100 932 2151 terras
957 2093 1110 2151 inter
1136 2094 1465 2172 coelumque
1493 2094 1723 2155 volabat

360 2168 552 2227 Littus
580 2189 881 2229 arenosum
910 2173 980 2229 ad
1008 2171 1229 2248 Libyae,
1258 2181 1576 2249 ventosque
1605 2173 1854 2248 secabat,

360 2245 630 2306 Materno
658 2250 899 2308 veniens
926 2249 999 2307 ab
1029 2270 1135 2308 avo
1164 2251 1432 2327 Cyllenia
1455 2251 1663 2329 proles.

439 2326 525 2386 Ut
549 2325 796 2403 primum
827 2328 990 2386 alatis
1015 2329 1204 2405 tetigit
1229 2329 1474 2405 magalia
1497 2329 1729 2406 plantis,

358 2404 593 2463 AEnean
621 2405 958 2464 fundantem
988 2426 1146 2464 arces
1173 2426 1239 2463 ac
1268 2415 1420 2464 tecta
1443 2415 1755 2464 novantem

360 2482 697 2560 Conspicit;
743 2491 913 2559 atque
941 2484 1025 2540 illi
1053 2484 1311 2541 stellatus
1337 2484 1558 2560 iaspide
1585 2483 1746 2541 fulva

359 2559 538 2619 Ensis
567 2569 705 2637 erat,
735 2562 1031 2637 Tyrioque
1057 2560 1294 2622 ardebat
1321 2562 1537 2619 murice
1563 2561 1715 2619 laena

358 2637 631 2696 Demissa
656 2658 732 2697 ex
758 2639 1015 2696 humeris
1037 2659 1053 2712 3
1094 2640 1257 2696 dives
1286 2658 1415 2714 quae
1443 2658 1684 2697 munera
1711 2639 1868 2698 Dido

357 2714 623 2791 Fecerat,
654 2725 713 2775 et
738 2717 900 2775 tenui
928 2716 1071 2774 telas
1101 2717 1448 2776 discreverat
1473 2736 1629 2774 auro.
1734 2716 1739 2720 ’

357 2792 652 2851 Continuo
681 2795 932 2853 invadit:
976 2794 1071 2852 Tu
1101 2812 1257 2852 nunc
1286 2795 1650 2872 Carthaginis
1679 2796 1807 2854 altae
1902 2798 1907 2803 ’

356 2870 760 2930 Fundamenta
786 2872 962 2947 locaS,
990 2872 1407 2949 pulchramque
1433 2874 1674 2932 uxorius
1701 2873 1906 2934 urbem

357 2949 646 3008 Extruis?
686 2951 803 3008 heu
827 2952 841 3007 ἔ
884 2951 1046 3027 regni
1075 2970 1380 3027 rerumque
1408 2951 1584 3010 oblite
1613 2955 1875 3028 tuarum!

358 3027 495 3105 Ipse
524 3028 696 3086 desim
723 3028 827 3087 tibi
855 3048 951 3087 me
979 3030 1131 3088 claro
1161 3030 1409 3088 demittit
1436 3030 1688 3109 Olympo

354 3106 671 3184 Regnator,
700 3107 911 3166 coelum
941 3115 1000 3166 et
1024 3116 1202 3167 terras
1228 3109 1328 3185 qui
1355 3110 1594 3167 numine
1622 3115 1884 3186 torque-t3

357 3186 492 3262 Ipse
519 3186 648 3245 haec
678 3186 824 3245 ferre
843 3186 1014 3265 jubet
1039 3187 1257 3245 celeres
1284 3189 1554 3247 mandata
1578 3207 1686 3264 per
1712 3204 1908 3244 auras:

358 3264 516 3334 Quid
546 3266 763 3324 struis?
805 3274 905 3324 aut
930 3265 1046 3341 qua
1072 3285 1177 3343 spe
1204 3265 1439 3342 Libycis
1467 3266 1603 3323 teris
1630 3265 1746 3323 otia
1770 3264 1976 3323 terris?

253 3377 264 3384 α
359 3342 422 3399 Si
450 3350 507 3400 te
534 3343 693 3402 nulla
717 3353 913 3403 movet
939 3352 1222 3403 tantarum
1251 3344 1431 3420 gloria
1456 3362 1666 3417 rerum,

354 3419 418 3479 N
421 3438 489 3477 ec
516 3440 690 3499 super
715 3423 839 3500 ipse
866 3423 965 3482 tua
993 3423 1208 3482 moliris
1236 3420 1724 3494 laudelaborem;

355 3498 672 3556 Ascanium
701 3511 1028 3577 surgentem
1059 3510 1118 3560 et
1143 3521 1275 3578 spes
1301 3499 1549 3559 haeredis
1579 3498 1696 3557 lini

354 3574 629 3653 Respice,
659 3579 752 3635 cui
778 3595 1018 3652 regnum
1050 3581 1230 3639 Italiae
1252 3580 1637 3653 Romanaque
1664 3575 1836 3636 tellus

356 3654 678 3713 Debentur.
721 3683 734 3694 ·
761 3656 896 3713 Tali
924 3657 1223 3731 Cyllenius
1251 3677 1348 3715 ore
1376 3657 1599 3732 locutus

356 3732 636 3792 Mortales
661 3733 820 3791 visus
848 3734 1038 3791 medio
1066 3754 1328 3793 sermone
1356 3733 1606 3809 reliquit,

356 3812 445 3872 Et
463 3812 662 3892 procul
688 3811 750 3870 in
777 3819 1010 3872 tenuem
1040 3831 1115 3871 ex
1141 3813 1323 3871 oculis
1351 3811 1585 3871 evanuit
1612 3830 1829 3871 auram.

2210 466 2332 523 235

2214 856 2332 910 240

2212 1245 2328 1300 245

2212 1633 2328 1688 250

2210 2022 2328 2077 255

2210 2411 2326 2467 260

2208 2799 2326 2936 265

2205 3189 2323 3245 270

2202 3578 2321 3635 2¹75
