2717 4300
344 327 374 383 1
383 325 455 383 62
1143 321 1518 377 ‘AENEIDOS

339 469 630 550 Epytides
657 467 829 546 longe
859 470 1036 546 dedit,
1065 470 1433 547 insonuitque
1457 469 1704 546 flagelio.

345 552 461 609 Olli
491 548 810 608 discurrere
836 568 1022 626 pares,
1051 557 1221 625 atque
1250 550 1479 624 agmina
1503 550 1653 607 terni

341 630 608 686 Diductio
640 625 861 686 solvere
889 627 1117 700 choris3
1159 644 1470 704 rursusque
1496 627 1687 685 vocati

343 705 697 764 Convertere
724 706 867 780 vias,
894 706 1212 782 infestaque
1239 705 1355 763 tela
1380 703 1585 763 tulere.

343 784 489 842 Inde
518 785 658 841 alios
686 785 888 841 ineunt
914 802 1135 858 cursus,
1166 784 1423 860 aliosque
1449 801 1737 857 recursus,

340 864 615 921 Adversis
643 863 877 939 spatiis;
922 861 1271 938 alternisque
1299 861 1533 919 orbibus
1560 860 1729 939 orbes

345 939 695 1017 Impediunt,
722 957 1049 1017 pugnaeque
1076 940 1232 998 cient
1257 940 1567 998 simulacra
1591 939 1700 997 sub
1720 934 1918 997 armis.

342 1018 426 1076 Et
450 1038 604 1076 nunc
632 1026 789 1094 terga
814 1019 951 1110 suga
977 1015 1234 1102 nudant3
1276 1020 1436 1079 nunc
1463 1018 1681 1087 spicula
1704 1025 1936 1091 vertunt

344 1096 600 1169 Infensi3
643 1097 792 1154 facta
818 1097 1030 1174 pariter
1054 1115 1209 1154 nunc
1234 1097 1380 1174 paee
1406 1096 1682 1154 feruntur.

342 1174 427 1233 Ut
455 1176 744 1250 quondam
774 1175 951 1234 Creta
974 1173 1153 1232 fertur
1175 1174 1579 1251 labyrinthus
1561 1194 1625 1231 ιιι
1652 1173 1766 1232 alui

341 1252 666 1316 Parietibus
694 1261 918 1311 textum
944 1253 1115 1311 caecis
1141 1253 1267 1328 iter,
1297 1253 1722 1330 ancipitemque

342 1331 512 1388 Mille
541 1331 649 1388 viis
675 1331 945 1389 habuisse
974 1331 1195 1406 dolum,
1222 1351 1358 1408 qua
1365 1332 1531 1406 signa
1556 1330 1837 1407 sequendi

342 1408 595 1467 Falleret
620 1410 1002 1504 indeprensus
1031 1417 1089 1467 et
1113 1409 1489 1467 irremeabilis
1515 1428 1703 1469 error:

343 1486 520 1545 Haud
549 1486 659 1544 alio
688 1487 984 1546 Teucrum
1011 1488 1131 1545 nati
1155 1488 1401 1562 vesfigia
1426 1490 1599 1545 cursu

344 1564 698 1641 Impediunt,
726 1573 1045 1641 texuntque
1072 1565 1235 1640 fugas
1263 1574 1323 1622 et
1346 1565 1550 1641 proelia
1573 1565 1746 1622 ludo·
1729 1602 1759 1639 ,

343 1643 706 1721 Delphinum
735 1643 970 1717 simileS,
1001 1644 1098 1720 qui
1123 1663 1229 1720 per
1253 1643 1434 1700 maria
1459 1643 1698 1716 humida
1722 1644 1915 1702 nando
1984 1698 1992 1702 .

342 1722 721 1798 Carpathium
739 1721 1153 1799 Libycumque
1181 1729 1398 1803 secant,
1396 1710 1749 1857 luduntque
1775 1742 1883 1815 per
1905 1722 2108 1780 undas.

343 1799 521 1857 Hunc
550 1820 787 1875 morem,
816 1799 923 1857 hos
951 1819 1169 1874 cursus,
1199 1798 1437 1876 atqueh
1441 1818 1526 1858 aec
1552 1802 1888 1877 certamina,
1916 1801 2136 1878 primus

342 1879 647 1953 Ascanius,
678 1879 907 1953 longam
934 1880 1112 1936 muris
1140 1899 1322 1956 quum-
1344 1879 1615 1955 cingeret
1631 1879 1864 1956 Albam,

342 1956 586 2031 Retulit,
618 1965 676 2015 et
699 1958 916 2033 priscos
945 1957 1143 2016 docuit
1169 1958 1460 2016 celebrare
1490 1959 1748 2033 Latinos,

346 2035 480 2105 Quo
508 2054 650 2111 puer
676 2035 800 2130 ipse
827 2036 1020 2111 modo,
1050 2055 1246 2094 secum
1275 2056 1389 2114 quo
1417 2037 1596 2095 T'roi'a
1619 2036 1841 2133 pubes.

342 2113 556 2173 Albani
584 2111 834 2173 docuere
863 2134 1034 2173 suos:
1077 2115 1217 2174 hinc
1245 2116 1499 2174 maxima
1522 2113 1692 2194 porro

342 2193 587 2269 Accepit
612 2193 824 2268 Roma,
855 2203 913 2252 et
937 2194 1183 2272 patrium
1212 2197 1462 2253 servavit
1487 2196 1805 2253 honorem·
1788 2238 1806 2269 ,

341 2270 633 2350 Trojaque
659 2292 836 2349 nunc,
862 2274 1045 2350 pueri,
1075 2274 1394 2352 Trojanum
1423 2275 1632 2331 dicitur
1658 2292 1883 2366 agmen.

343 2348 478 2442 Hac
509 2350 793 2409 celebrata
819 2361 989 2410 tenus
1018 2361 1213 2412 sancto
1241 2353 1569 2410 certamina.
1576 2352 1741 2429 patri.

421 2426 539 2487 Hic
566 2426 814 2506 primum
844 2430 1069 2489 fortuna
1093 2431 1267 2489 fidem
1296 2438 1514 2489 mutata
1534 2430 1788 2489 novavit.

335 2507 500 2564 'Dum
527 2509 699 2566 variis
726 2509 944 2566 tumulo
975 2509 1227 2566 referunt
1252 2507 1534 2567 solemnia
1559 2509 1730 2584 ludis,
1796 2519 1799 2526 “

345 2585 485 2643 Irim
516 2587 587 2643 de
616 2585 762 2644 coelo
791 2587 948 2644 misit
976 2587 1241 2644 Saturnia
1264 2588 1420 2645 Juno

345 2664 582 2721 Iliacam
610 2665 681 2721 ad
709 2664 971 2738 classem,
998 2672 1321 2757 ventosque
1349 2663 1602 2741 adspirat
1627 2664 1807 2741 eunti,

344 2742 538 2800 Multa
564 2761 822 2832 movenS,
850 2743 1102 2800 necdum
1132 2744 1433 2821 antiquum
1462 2750 1710 2801 saturata
1736 2745 2010 2803 dolorem.

346 2818 472 2894 Illa,
500 2819 653 2878 via‘m
681 2819 938 2878 celerans
963 2840 1067 2898 per
1092 2821 1252 2879 mille
1279 2822 1566 2894 coloribus
1593 2841 1811 2900 arcum,

345 2898 512 2958 Nulli
542 2899 681 2974 visa,
712 2898 826 2956 cito
856 2897 1106 2957 decurrit
1129 2902 1354 2960 tramite
1382 2902 1562 2977 virgo·

348 2977 649 3054 Conspicit
674 2978 964 3053 ingentem
995 2997 1357 3056 concursum,
1389 2989 1449 3039 et
1473 2980 1663 3039 littora
1685 2981 1904 3055 lustrat,

346 3056 742 3134 Desertosque
767 3056 927 3114 videt
953 3065 1149 3134 portus
1177 3059 1537 3137 classemque
1564 3060 1842 3117 relictam.

425 3138 505 3194 At
530 3134 774 3212 procul
757 3154 817 3193 ιιι
846 3136 968 3192 sola
996 3144 1231 3195 secretae
1260 3138 1519 3197 Troades
1548 3138 1677 3196 acui

346 3215 644 3272 Amissum
671 3212 969 3272 Anchisen
996 3214 1229 3291 flebant,
1258 3226 1602 3294 cunctaeque
1628 3213 1977 3293 profundum

346 3285 601 3350 Pontum
630 3292 1039 3369 adspectabant
1063 3294 1302 3355 fientes:
1372 3297 1542 3355 Heu.
1531 3299 1549 3335 Ψ
1587 3302 1671 3353 tot
1692 3294 1845 3351 vada
1868 3291 2037 3352 fessis

348 3370 431 3428 Et
456 3368 680 3428 tantum
709 3390 1008 3448 superesse
1035 3372 1238 3432 maris!
1281 3395 1399 3433 vox
1425 3372 1690 3432 omnibus
1714 3389 1849 3429 una.

348 3447 570 3508 Urbem
599 3457 793 3523 orant;
836 3452 1010 3510 taedet
1035 3452 1225 3528 pelagi
1251 3453 1503 3545 perferre
1527 3451 1803 3509 laborem.

348 3526 507 3603 Ergo
536 3527 685 3585 inter
709 3529 928 3587 medias
956 3549 1104 3605 sese,
1132 3530 1333 3587 haud
1318 3550 1513 3605 ignara
1537 3528 1808 3622 nocendi,

349 3606 622 3683 conjicit,
654 3614 712 3664 et
736 3606 1059 3683 faciemque
1087 3609 1213 3665 deae
1239 3616 1576 3683 vestemque
1602 3607 1845 3685 reponit.

348 3682 449 3743 Fit
472 3684 684 3760 Beroe,
714 3685 933 3742 Tmarii
959 3688 1172 3762 conjux
1198 3686 1462 3762 longoeva
1486 3684 1748 3762 Dorycli,

350 3762 466 3820 Cui
494 3781 694 3837 genus,
724 3769 783 3820 et
809 3761 1097 3854 quondam
1122 3781 1358 3837 nomen,
1387 3763 1622 3839 natique
1649 3764 1929 3823 fuissent·
1911 3806 1930 3837 ,

350 3840 440 3897 Ac
466 3840 549 3897 sic
579 3836 977 3897 Dardanidum
1005 3839 1254 3895 mediam
1284 3858 1348 3897 se
1374 3840 1654 3901 matribus
1679 3842 1886 3902 infert.

2192 1727 2307 1780 595

2190 2513 2307 2567 605

2191 2905 2310 2958 610

2192 3296 2319 3349 615-

2193 3688 2313 3779 ⁶²9
