2717 4300
1119 352 1350 407 LIBER.
1390 353 1548 408 VIII.

350 501 602 580 Exiguae
629 502 781 561 vires
806 522 820 559 :
862 501 1000 559 hinc
1029 500 1223 559 Tusco
1251 501 1574 559 claudimur
1601 501 1793 576 amni;

351 582 514 640 Hinc
542 581 794 641 Rutulus
820 580 1046 658 premit,
1077 588 1136 638 et
1162 600 1389 637 murum
1419 579 1806 640 circumsonat
1832 584 2021 642 armis.

355 661 473 719 Sed
500 661 604 718 tibi
634 679 743 735 ego
770 660 1033 734 ing‘entes
1060 658 1306 735 populos
1335 659 1725 736 opulentaque
1753 662 1945 737 regnis

350 739 386 796 J
391 758 605 814 imgere
632 747 816 796 castra
839 756 976 814 paro
1001 757 1014 793 :
1058 756 1230 813 quam
1258 737 1372 794 fors
1401 737 1636 815 inopina
1662 739 1905 798 salutem

355 817 660 890 Ostentat,
645 836 658 850 ·
704 817 833 874 fatis
861 816 974 873 hnc
1002 824 1059 872 te
1086 815 1456 893 poscentibus
1485 816 1671 875 affers.

355 896 534 953 Haud
560 895 760 972 procul
789 895 926 951 hinc
954 913 1092 951 saxo
1120 894 1391 951 incolitur
1416 894 1653 953 fundata
1679 903 1907 954 vetusto

356 975 533 1035 Urbis
561 974 848 1051 Agyllinae
877 974 1064 1048 sedeS,
1094 972 1192 1029 ubi
1221 973 1409 1048 Lydia
1436 975 1724 1050 quondam

356 1054 538 1128 Gens,
564 1052 719 1110 bello
746 1050 1038 1129 praeclara,
1057 1051 1215 1130 jugis
1243 1050 1464 1121 insedit
1482 1051 1764 1110 Etruscis.

357 1132 527 1189 Hanc
556 1132 764 1189 multos
790 1130 1090 1187 florentem
1118 1149 1298 1186 annos
1326 1148 1430 1186 rex
1458 1130 1667 1187 deinde
1696 1130 1944 1209 superbo

358 1210 612 1287 Imperio
640 1218 700 1268 et
726 1209 895 1267 saevis
923 1208 1111 1266 tenuit
1137 1207 1470 1265 Mezentius
1499 1208 1686 1266 armis.

356 1288 516 1359 Quid
545 1307 857 1345 memorem
886 1286 1144 1343 infandas
1173 1284 1385 1377 caedes,
1414 1287 1553 1362 quid
1580 1287 1729 1344 facta
1753 1287 1981 1363 tyranni

357 1366 593 1424 Effera!
637 1365 718 1424 Di
746 1366 920 1442 capiti
946 1365 1127 1441 ipsius
1154 1364 1465 1441 generique
1491 1367 1819 1423 reservent!

357 1445 591 1503 Mortua
614 1444 752 1521 quin
781 1445 953 1501 etiam
974 1443 1258 1519 jungebat
1284 1461 1521 1519 corpora
1546 1442 1713 1518 vivis‘,

354 1523 730 1600 Componens
758 1521 1136 1596 manibusque
1165 1540 1368 1578 manus
1396 1528 1565 1597 atque
1593 1520 1786 1579 oribus
1814 1511 1932 1598 ora,

354 1601 657 1659 Tormenti
685 1620 903 1677 genus.
890 1601 904 1655 l
949 1608 1008 1658 et
1035 1599 1193 1656 sanie
1221 1600 1468 1675 taboque
1495 1599 1742 1658 fluentes

353 1680 734 1757 complexu
718 1700 777 1736 ιιι
807 1678 1014 1736 misero
1041 1677 1213 1753 longa
1243 1678 1325 1735 sic
1353 1686 1535 1736 morte
1563 1678 1823 1738 necabat.

358 1760 438 1817 At
462 1758 599 1816 fessi
624 1758 856 1818 tandem
882 1756 1039 1814 cives
1066 1755 1299 1813 infanda
1323 1756 1611 1814 furentem

332 1838 579 1910 ,Armati
607 1836 1033 1894 circumsistunt
1058 1835 1363 1912 ipsumque
1392 1835 1779 1911 domumque·

357 1914 719 1973 Obtruncant
745 1914 968 1985 socios;
1011 1912 1206 1988 ignem
1234 1913 1306 1970 ad
1332 1912 1557 1988 fastigia
1575 1914 1812 1991 jactant.

360 1992 469 2050 Ille
496 1994 644 2051 inter
662 1993 889 2051 caedem
915 1991 1262 2052 Rutulorum
1292 1990 1567 2068 elapsus
1551 2011 1610 2048 ιιι
1639 2010 1802 2083 agros

357 2071 708 2165 Confugere,
738 2079 797 2129 et
823 2070 1010 2128 Turni
1037 2069 1333 2127 defendier
1357 2069 1602 2147 hospitis
1631 2068 1819 2127 armis.

362 2148 519 2226 Ergo
546 2151 735 2209 omnis
762 2148 922 2207 furiis
949 2148 1198 2206 surrexit
1225 2148 1460 2207 Etruria
1477 2148 1687 2227 justis·
1672 2191 1690 2222 ,

358 2228 589 2304 Regem
617 2230 689 2286 ad
716 2227 1060 2305 supplicium
1088 2227 1359 2304 praesenti
1386 2227 1577 2285 Marte
1605 2234 1931 2303 reposcunt.

361 2307 477 2364 His·
502 2327 610 2384 ego
638 2315 716 2383 te,
745 2307 951 2381 AEnea,
982 2306 1278 2363 ductorem
1308 2302 1561 2363 millibus
1589 2306 1813 2363 addam.

355 2385 513 2446 'roto
539 2406 749 2462 namqu
753 2404 786 2443 e
814 2385 1067 2442 fremunt
1092 2384 1400 2441 condensae
1427 2383 1615 2443 littore
1640 2403 1888 2461 puppes,

356 2463 654 2542 Signaque
681 2458 827 2522 ferre
860 2464 1093 2521 ‘tubent
1136 2462 1344 2519 retinet
1369 2453 1667 2538 longaevus
1694 2461 2006 2541 haruspex,

360 2540 506 2600 Fata
532 2560 781 2600 canens:
827 2484 878 2601 (l
907 2540 1187 2599 Maeoniae‘
1213 2539 1441 2599 delecta
1456 2542 1755 2618 juventuS,
2021 2553 2043 2575 ·

360 2619 503 2681 Flos
529 2629 788 2679 veterum
816 2620 1107 2696 virtusque
1133 2617 1340 2694 virfim,
1369 2639 1512 2696 quos
1530 2620 1724 2712 justus
1751 2619 1812 2677 in
1837 2617 2066 2680 hostem

360 2698 502 2757 Fert
527 2699 706 2773 dolor,
735 2708 794 2757 et
820 2699 1022 2757 merita
1051 2698 1316 2756 accendit
1342 2697 1674 2756 Mezentius
1700 2697 1805 2772 ira,

360 2776 529 2835 Nulli
555 2778 639 2836 sas
668 2777 812 2836 Italo
839 2785 1054 2836 tantam
1083 2775 1210 2834 sub
1215 2796 1430 2851 ungere
1458 2785 1728 2853 gentem·
1714 2818 1730 2848 ,

361 2854 652 2914 Externos
680 2864 871 2934 optate
899 2857 1095 2912 duces.
1235 2873 1334 2911 um
1363 2855 1609 2915 Etrusca
1635 2854 1850 2913 resedit

361 2933 496 2991 Hoc
524 2935 675 2993 acies
701 2952 928 3010 campo,
957 2931 1188 2990 monitis
1215 2933 1485 2990 exterrita
1512 2932 1730 2990 divum.

364 3011 501 3088 Ipse
529 3012 776 3087 oratores
805 3011 876 3069 ad
904 3028 1000 3067 me
1029 3009 1304 3084 regnique
1331 3029 1598 3068 coronam

357 3090 516 3148 Cum
545 3082 769 3168 sceptro
799 3089 974 3163 misit,
1003 3087 1395 3164 mandatque
1378 3089 1644 3164 insignia,
1674 3087 1925 3165 Tarch0,

360 3169 683 3227 Succedam
711 3169 926 3242 castris,
955 3164 1374 3258 Tyrrhenaque
1403 3186 1579 3242 regna
1604 3186 1915 3244 capessam

364 3247 483 3306 Sed
509 3247 653 3305 mihi
680 3248 839 3306 tarda
863 3246 997 3323 gelu
1025 3243 1324 3320 saeclisque
1352 3244 1546 3303 effoeta
1571 3254 1837 3304 senectus

364 3326 637 3384 Invidet
621 3326 946 3402 imperium,
977 3342 1238 3417 seraeque
1268 3323 1338 3381 ad
1368 3323 1533 3382 fortia
1557 3323 1726 3381 vires.

361 3404 579 3464 Natum
609 3404 957 3479 exhortarer,
982 3403 1046 3460 ni
1075 3402 1301 3460 mixtus
1317 3410 1497 3470 matre
1529 3401 1762 3460 Sabella

363 3483 521 3542 Hinc
548 3492 769 3561 partem
796 3482 995 3560 patriae
1024 3480 1290 3540 traheret.
1374 3480 1489 3554 Tu,
1519 3482 1685 3573 cujus
1713 3488 1771 3537 et
1798 3477 1962 3538 anuis

362 3562 447 3621 Et
470 3563 668 3638 generi
694 3562 809 3620 sata
833 3561 1152 3636 indulgent,
1181 3579 1355 3636 quem
1384 3558 1626 3617 numina
1650 3565 1916 3636 poscunt,

364 3642 696 3717 Ingredere,
725 3661 759 3699 o
789 3639 1079 3698 Teucrum
1110 3647 1279 3717 atque
1308 3637 1520 3696 Italum
1550 3636 1853 3696 fortissime
1881 3637 2101 3697 ductor.

363 3720 542 3779 Hunc
570 3720 674 3777 tibi
702 3726 997 3796 praeterea,
1027 3737 1158 3794 spes
1185 3726 1245 3777 et
1272 3717 1475 3776 solatia
1500 3717 1697 3793 nostri,
1757 3760 1760 3761 ν

361 3798 626 3858 Pallanta
654 3798 980 3875 adjungam.
1068 3795 1188 3854 Sub
1216 3804 1273 3855 te
1301 3797 1545 3863 tolerare
1573 3796 1842 3872 magistro

363 3877 638 3939 Militiam
668 3883 726 3937 et
749 3894 945 3956 grave
951 3874 1156 3934 Martis
1185 3892 1347 3954 οριιε,
1376 3885 1475 3937 tua
1501 3894 1737 3935 eernere
1764 3875 1935 3950 facta,

2211 331 2321 415 2‘19

2201 663 2324 722 475

2201 1836 2318 1892 49⁰

2204 2228 2321 2285 495

2204 2625 2319 2679 500

2200 3014 2321 3071 505

2147 3382 2154 3389 “
2208 3405 2324 3460 510

2111 3790 2116 3795 ’
2209 3796 2326 3850 515
