2717 4300
311 320 424 380 140
1117 318 1482 378 AENEIDOS

308 470 445 530 Hoc
466 471 656 530 solum
681 489 894 530 nomen
922 468 1192 548 quoniam
1220 471 1294 527 de
1321 471 1567 547 conjuge
1593 475 1782 535 restat.
2304 534 2311 539 ,

309 549 472 622 Quid
496 552 727 608 moror?
769 568 844 607 an
870 566 1003 606 mea
1026 548 1371 625 Pygmalion
1399 549 1536 605 dum
1565 548 1783 606 moenia
1805 547 1978 607 frater
2151 552 2270 610 825

306 628 597 703 Destinat,
628 635 726 686 aut
749 634 975 703 captam
1000 625 1175 683 ducat
1202 625 1467 684 Gaetulus
1492 625 1732 684 Iarbas?

310 706 529 764 Saltem
555 705 606 763 si
632 723 745 781 qua
770 703 1016 761 mihi·de
1041 711 1099 761 te
1128 710 1394 780 suscepta
1418 702 1627 760 fuisset

307 786 461 843 Ante
487 782 682 859 fugam
710 781 975 853 soboles;
1020 781 1069 841 si
1097 781 1226 859 quis
1252 781 1398 837 mihi
1423 780 1694 857 parvulus
1721 782 1851 841 aula

306 861 562 918 Luderet
586 861 828 934 AEneaS,
858 858 959 936 qui
985 865 1043 916 te
1069 868 1263 917 tamen
1291 876 1391 916 ore
1418 858 1688 933 referret3

305 938 746 1014 Non-equidem
770 936 1006 994 omnino
1034 946 1202 1015 capta
1228 955 1295 994 ae
1322 937 1549 994 deserta
1572 938 1817 999 viderer.
2152 942 2267 997 330

311 1050 324 1056 ·
383 1017 644 1074 Dixerat.
730 1015 842 1073 Ille
862 1014 1025 1072 Jovis
1051 1015 1286 1072 monitis
1311 1015 1554 1073 immota
1578 1015 1814 1074 tenebat

259 1124 268 1129 -
306 1093 575 1169 Lumina,
604 1102 664 1152 et
689 1091 938 1150 obnixus
964 1111 1159 1150 curam
1187 1092 1295 1150 sub
1323 1093 1496 1150 corde
1521 1093 1835 1169 premebat.

306 1171 570 1228 Tandem
599 1189 788 1248 pauca
812 1170 1016 1228 refert:
1061 1171 1193 1246 Ego
1220 1180 1297 1247 te,
1328 1189 1456 1246 quae
1484 1171 1732 1248 plurima
1757 1171 1929 1231 fando

306 1248 665 1324 Enumerare
691 1249 872 1324 vales,
900 1266 1215 1326 nunquam,
1244 1248 1463 1323 regina,
1491 1248 1714 1324 negabo

305 1326 717 1400 Promeritam3
759 1342 869 1384 nee
896 1344 991 1383 me
1018 1326 1353 1384 meminisse
1380 1325 1601 1402 pigebit
1626 1327 1857 1404 Elissae,
2153 1332 2267 1386 335

304 1404 464 1461 Dum
490 1423 712 1462 memor
735 1404 863 1480 ip'se
891 1403 1027 1480 mei,
1055 1404 1194 1462 dum
1222 1403 1453 1481 spiritus
1480 1404 1588 1461 hos
1614 1406 1761 1481 regit
1788 1413 1960 1464 artus.

303 1481 418 1539 Pro
446 1501 508 1540 re
532 1501 721 1574 pauca
745 1482 960 1558 loquar.
1043 1482 1256 1558 Neque
1284 1500 1394 1556 ego
1416 1481 1571 1538 hanc
1600 1481 1949 1543 abscondere
1975 1483 2127 1543 furto

307 1559 568 1636 Sperau,
594 1579 673 1617 ne
700 1559 874 1634 finge,
902 1559 1131 1633 fugam3
1173 1577 1283 1615 nec
1311 1559 1572 1636 conjugis
1599 1579 1851 1638 unquam

303 1636 598 1695 Praetendi
624 1636 824 1711 taedas‚
854 1643 952 1693 aut
976 1636 1105 1694 haec'
1131 1637 1192 1693 in
1218 1635 1435 1694 foedera
1460 1636 1613 1693 veni.

303 1714 418 1773 Me'
435 1712 488 1772 si
515 1714 632 1772 fata
658 1715 803 1773 meis
829 1722 1162 1790 paterentur
1187 1714 1397 1771 ducere
1424 1715 1598 1772 vitam
2150 1721 2266 1776 340

304 1792 614 1870 Auspiciis,
644 1799 702 1850 et
728 1801 931 1868 sponte
959 1793 1093 1848 mea
1118 1809 1465 1926 comfonere
1494 1811 1694 1865 curas3
2234 1810 2239 1815 ’

304 1870 527 1930 Urbem
554 1870 867 1948 Trojanam
892 1865 1145 1948 primum
1176 1870 1251 1928 du
1275 1889 1489 1947 cesque
1516 1889 1780 1928 meorum

304 1948 607 2025 Reliquias
634 1947 883 2006 colerem
905 1967 923 2022 ;
965 1948 1183 2006 Priami
1207 1957 1360 2006 tecta
1388 1949 1502 2006 alta
1527 1957 1858 2023 manerent;

305 2026 388 2084 Et
414 2026 667 2084 recidiva
691 2045 866 2084 manu
893 2026 1216 2104 posuisse-m
1244 2027 1530 2102 Pergama
1553 2027 1740 2085 victis·

307 2103 425 2163 Sed
452 2123 608 2163 nunc
637 2103 862 2163 Italiam
889 2122 1157 2181 magnam
1189 2104 1457 2182 Gryneus
1483 2105 1715 2183 Apollo,
2150 2109 2266 2168 345

307 2182 533 2241 Italiam
562 2184 758 2259 Lyciae
776 2182 1004 2262 jussere
1033 2202 1334 2260 capessere,
1360 2194 1576 2243 sortes:
2164 2185 2172 2193 '

308 2261 424 2319 Hie
452 2281 628 2338 amor,
655 2260 785 2320 haec
810 2259 995 2344 patria
1021 2272 1126 2320 est.
1212 2262 1276 2321 Si
1301 2270 1360 2320 te
1388 2262 1753 2339 Carthaginis
1781 2281 1942 2322 arces

304 2338 688 2416 Ph'oenissam,
716 2341 1068 2418 Libycaeque
1096 2341 1400 2418 adspectus
1427 2341 1647 2399 detinet
1671 2340 1862 2415 urbis;

308 2418 458 2489 Quae
487 2420 720 2477 tandem
746 2418 1007 2478 Ausonia
1032 2418 1292 2476 Teucros
1320 2418 1619 2476 considere
1645 2418 1794 2476 terra

308 2496 538 2555 Invidia
564 2498 695 2555 est?
777 2496 860 2555 Et
886 2515 992 2554 nos
1017 2494 1102 2554 fas
1131 2505 1330 2554 extera
1355 2514 1610 2571 quaerere
1638 2515 1831 2574 regna.
2152 2501 2269 2556 350

308 2574 415 2632 Me
441 2575 618 2651 patris
645 2573 941 2649 Anchisae,
971 2573 1198 2650 quoties
1222 2573 1594 2631 humentibus
1621 2573 1839 2633 umbris

305 2652 448 2712 Nox
475 2653 659 2728 operit
684 2661 878 2727 terras,
908 2652 1129 2728 quoties
1158 2658 1307 2709 astra
1331 2652 1503 2726 ignea
1528 2660 1786 2728 surgunt,

305 2730 602 2789 Admonet
625 2730 686 2786 in
713 2728 951 2804 somnis,
979 2736 1040 2786 et
1065 2727 1291 2786 turbida
1316 2736 1490 2786 terret
1514 2730 1705 2805 imago
1728 2749 1744 2786 ε

307 2808 414 2866 Me
440 2826 585 2884 puer
610 2807 916 2881 AscaniuS,
945 2806 1260 2884 capitisque
1287 2806 1496 2884 injuria
1522 2808 1658 2883 cari,

311 2886 507 2957 Quem
534 2904 710 2962 regno
738 2884 1042 2962 Hesperiae
1069 2884 1268 2943 fraudo
1296 2892 1354 2943 et
1380 2885 1645 2944 fatalibus
1673 2889 1839 2945 arvis.
2155 2890 2270 2946 355

309 2965 486 3023 Nunc
515 2964 688 3022 etiam
716 2963 994 3041 interpres
1023 2962 1240 3037 divfim,
1268 2962 1414 3021 Jov'e
1443 2964 1653 3023 missus
1681 2965 1752 3025 ab
1783 2965 1926 3043 ipso,
2016 2989 2027 2996 ’

245 3089 256 3098 .
318 3040 558 3119 (Testor
582 3049 889 3118 utrumque
916 3042 1115 3120 caput)
1152 3042 1371 3100 celeres
1397 3045 1667 3102 mandata
1690 3063 1798 3122 per
1822 3061 1985 3102 auras

309 3120 573 3180 Detulit:
615 3121 740 3201 ipse
769 3120 942 3178 deum
970 3119 1273 3179 manifesto
1300 3120 1361 3177 in
1389 3120 1611 3180 lumine
1636 3122 1758 3180 vidi

312 3199 630 3259 Intrantem
651 3218 868 3273 muros,
895 3217 1214 3275 vocemque
1242 3197 1334 3256 his
1361 3200 1590 3259 auribus
1617 3199 1800 3257 hausi.
1854 3271 1863 3278 .

312 3278 534 3336 Desine
561 3296 770 3355 meque
793 3278 911 3337 tuis
936 3277 1250 3335 incendere
1277 3285 1451 3354 teque
1479 3278 1762 3357 querelis:
2155 3279 2272 3335 300

314 3356 539 3414 Italiam
565 3377 681 3415 non
710 3365 914 3435 sponte
942 3375 1167 3433 sequor.

392 3435 559 3492 Talia
585 3436 872 3495 dicentem
891 3436 1235 3515 jamdudum
1266 3454 1466 3492 aversa
1484 3442 1697 3508 tuetur,

314 3512 451 3571 Huc
478 3512 614 3571 illuc
640 3514 879 3572 volvens
907 3514 1125 3588 oculos,
1154 3522 1450 3590 totumque
1476 3517 1730 3590 pererrat

315 3590 659 3649 Luminibus
687 3591 892 3666 tacitis,
922 3600 981 3650 et
1005 3592 1088 3650 sic
1117 3610 1363 3650 accensa
1387 3591 1671 3669 profatur:

315 3669 448 3729 Nec
476 3668 581 3727 tibi
608 3668 742 3727 diva
807 3688 991 3743 arens,
1020 3670 1245 3745 generis
1272 3687 1384 3726 nec
1411 3669 1716 3728 Dardanus
1742 3674 1957 3744 auctor,
2147 3668 2275 3726 ’365

315 3747 583 3820 Perfide3
627 3748 728 3805 sed
796 3747 912 3805 uris
940 3748 1136 3822 genuit
1161 3757 1219 3805 te
1246 3746 1508 3805 cautibus
1534 3746 1775 3805 horrens

318 3828 632 3898 CaucasuS,
660 3825 1063 3902 Hyrcanaeque
1094 3823 1396 3882 admorunt
1420 3825 1598 3882 ubera
1623 3825 1815 3901 tigres-

318 3905 381 3966 N
385 3923 475 3962 am
505 3904 639 3982 quid
672 3902 1012 3964 dissimulo?
1054 3910 1152 3960 aut
1177 3901 1312 3976 quae‘
1334 3919 1429 3958 me
1459 3902 1530 3959 ad
1560 3907 1776 3983 majora
1799 3902 2069 3961 reservo?
