2717 4300
1188 300 1419 359 1³OEssss
1456 299 1545 360 11.-

392 447 475 508 Et
490 449 612 526 jam
640 447 955 526 porticibus
980 449 1178 508 vacuis
1202 450 1448 509 sunonis
1476 450 1636 529 asylo

393 528 679 586 Custodes
706 527 843 586 lecti
870 528 1122 586 Phoenix
1151 538 1209 588 et
1236 530 1392 588 dirus
1419 530 1663 607 Ulysses

393 605 654 663 Praedam
684 606 1082 665 asservabant:
1128 607 1244 666 huc
1270 608 1526 686 undique
1553 608 1733 667 Troi‘a
1756 629 1902 686 gaza

396 684 653 742 lucensis
681 693 876 762 erepta
903 686 1106 762 adytis,
1134 705 1468 763 mensaeque
1496 684 1754 765 deorum,

392 763 772 840 crateresque
801 783 937 821 auro
964 763 1152 839 solidi,
1182 765 1521 842 captivaque
1548 767 1727 824 vestis

392 842 730 917 Congeritur
759 861 772 900 :
812 841 979 918 pueri
1007 851 1066 901 et
1089 843 1316 920 pavidae
1343 844 1517 919 longo
1544 845 1743 905 ordine
1771 852 1980 904 matres

394 920 561 978 Stant
586 917 823 977 circum.
1856 954 1859 957 -

391 1001 587 1056 Ausus
614 998 748 1075 quin
780 985 953 1057 etiarn
977 1017 1155 1057 voces
1173 1000 1396 1077 jactare
1423 1019 1527 1077 per
1553 1000 1835 1078 umbram,

393 1077 638 1154 Implevi
668 1077 917 1136 clamore
941 1078 1087 1152 viaS,
1116 1087 1469 1156 moestusque
1498 1079 1778 1139 Creiisam

391 1156 799 1232 Nequidquam
826 1157 1190 1232 ingeminans
1216 1157 1543 1233 iterumque
1563 1159 1889 1236 iterumque
1907 1157 2128 1221 vocavi.

395 1235 692 1304 Quaerenti
720 1243 778 1292 et
803 1235 971 1292 tectis
996 1234 1156 1292 urbis
1183 1236 1307 1293 sine
1335 1236 1453 1295 fine
1480 1236 1691 1294 furenti

391 1311 605 1369 Infelix
632 1312 1000 1370 simulacrum
1028 1321 1199 1388 atque
1226 1313 1407 1390 ipsius
1435 1314 1636 1373 umbra
1661 1315 1898 1374 Creiisae

391 1391 535 1447 Visa
562 1391 706 1448 mihi
734 1400 865 1450 ante
893 1389 1112 1467 oculos,
1141 1400 1201 1449 et
1225 1393 1363 1450 nota
1390 1394 1573 1471 major
1597 1393 1807 1468 imago.

392 1469 699 1546 Obstupui,
728 1477 1117 1547 steteruntque
1143 1489 1347 1545 comae,
1377 1480 1437 1529 et
1461 1491 1579 1530 vox
1604 1470 1864 1531 saucibus
1888 1471 2078 1533 haesit.

392 1548 545 1604 Tum
573 1549 655 1605 sie
682 1547 861 1623 affari,
890 1558 949 1607 et
973 1566 1139 1607 curas
1166 1548 1258 1607 his
1284 1550 1518 1607 demere
1545 1550 1719 1624 dictis
1734 1570 1749 1608 ι

392 1626 549 1697 Quid
572 1624 793 1684 tantum
819 1628 1020 1684 insano
1041 1630 1209 1705 juvat
1232 1628 1534 1704 indulgere
1560 1628 1762 1704 dolori,

392 1705 444 1763 Ο
473 1705 656 1762 duleis
686 1707 941 1783 conjux?
983 1725 1099 1763 non
1128 1707 1255 1764 haee
1282 1707 1410 1764 sine
1437 1707 1677 1767 numine
1704 1706 1904 1767 divum

392 1784 722 1842 Eveniunt:
766 1803 876 1842 nec
904 1792 960 1842 te
987 1785 1123 1842 hinc
1151 1786 1421 1843 comitem
1450 1793 1737 1862 asportare
1767 1786 2048 1846 Creiisam

329 1884 336 1891 ·
390 1862 524 1937 Fas,
553 1871 653 1920 aut
677 1862 775 1920 ille
804 1863 941 1922 sinit
965 1863 1161 1940 superi
1187 1873 1453 1938 regnator
1479 1865 1732 1941 Olympi.

394 1942 591 2017 Longa
616 1942 720 2000 tibi
748 1941 970 2017 exsilia,
999 1950 1058 2000 et
1083 1942 1510 2001 vastummaris
1536 1963 1733 2020 aequor
1759 1943 2074 2003 arandum:

390 2020 473 2077 Et
497 2030 704 2077 terram
735 2021 1079 2097 Hesperiam
1107 2021 1328 2096 venies,
1356 2020 1460 2080 ubi
1487 2023 1727 2098 LydiuS,
1758 2042 1894 2082 arva

371 2099 549 2158 Inter
576 2100 768 2177 opima
793 2099 1002 2175 virum,
1030 2099 1148 2157 leni
1175 2099 1303 2159 fluit
1328 2100 1557 2175 agmine
1585 2100 1814 2177 Tybris,
1919 2101 1933 2113 ’

391 2179 517 2237 Illic
544 2198 635 2237 res
663 2180 831 2254 laetae,
861 2197 1240 2254 regnumque,
1268 2187 1329 2236 et
1353 2179 1511 2254 regia
1537 2183 1753 2258 conjux

388 2258 560 2316 Parta
584 2258 722 2316 tibi:
764 2257 1045 2333 lacrymas
1072 2257 1298 2316 dilectae
1325 2257 1480 2334 pelle
1508 2258 1765 2316 Creiisae.

387 2337 448 2397 N
452 2356 527 2394 on
555 2355 663 2413 ego
691 2336 1125 2412 Myrmidonum
1156 2337 1324 2394 sedes
1351 2336 1726 2413 Dolopumve
1752 2335 2031 2414 superbas

386 2411 739 2493 Adspiciam,
770 2424 869 2473 aut
896 2415 1086 2473 Graiis
1114 2415 1390 2476 servitum
1418 2414 1697 2478 matribus
1724 2414 1841 2492 ibo,

387 2494 692 2569 DardaniS,
722 2501 782 2553 et
806 2493 956 2553 divae
987 2493 1235 2553 Veneris
1261 2513 1475 2553 nurus:
1970 2494 2020 2559 ..j

389 2574 506 2632 Sed
535 2593 636 2652 me·
655 2587 863 2648 magna
888 2574 1064 2631 deum
1092 2573 1356 2649 genetrix
1382 2573 1474 2632 his
1502 2573 1723 2633 detinet
1747 2573 1878 2633 oris·

384 2654 627 2729 Jamque
654 2652 802 2726 vale,
832 2660 891 2710 et
915 2652 1036 2711 nati
1062 2671 1230 2710 serva
1247 2653 1572 2711 communis
1600 2672 1876 2712 amorem.

388 2732 536 2789 Haec
563 2730 665 2789 ubi
692 2731 846 2789 dicta
873 2732 1050 2807 dedit,
1079 2731 1492 2809 lacrymantem
1515 2740 1573 2790 et
1599 2732 1781 2791 multa
1798 2731 2100 2810 *volentem

385 2811 601 2868 Dicere
630 2810 897 2885 desernit,
926 2819 1247 2887 tenuesque
1276 2812 1514 2869 recessit
1539 2811 1599 2868 in
1628 2830 1810 2870 auras.

386 2888 505 2947 Ter
532 2898 767 2948 conatus
795 2889 876 2947 ibi
904 2888 1054 2946 collo
1081 2890 1217 2947 dare
1245 2890 1481 2948 brachia
1505 2890 1761 2964 eircum3

386 2968 505 3026 Ter
530 2967 735 3027 frustra
760 2986 1100 3045 comprensa
1125 2988 1328 3026 manus
1356 2968 1560 3045 effugit
1585 2969 1797 3046 imago,

385 3047 499 3105 Par
526 3046 746 3104 levibus
772 3046 981 3120 v'entiS,
1008 3046 1347 3122 volucrique
1375 3047 1671 3105 simillima
1698 3067 1922 3106 somno.

387 3126 483 3185 Sie
513 3126 747 3184 demum
778 3126 983 3200 socios,
1013 3126 1355 3202 consumpta
1383 3134 1573 3201 nocte,
1602 3127 1809 3186 reviso.

463 3206 655 3282 Atque
681 3204 778 3263 hic
805 3206 1099 3281 ingentem
1131 3205 1410 3263 comitum
1439 3204 1731 3264 affluxisse
1759 3223 2043 3264 novorum

387 3284 629 3342 Invenio
658 3283 944 3342 admirans
970 3302 1279 3341 numerum
1305 3302 1321 3355 3
1371 3292 1717 3360 matresque,
1745 3285 2039 3360 virosque,

384 3363 703 3423 collectam
732 3364 936 3421 exsilio
962 3362 1201 3440 pubem,
1231 3361 1558 3420 miserabile
1582 3364 1812 3438 vulgus.

382 3442 660 3520 Undique
689 3440 1036 3516 convenere,
1066 3441 1271 3500 animis
1297 3440 1624 3519 opibusque
1651 3441 1860 3518 parati,
1889 3459 1906 3472 ·

382 3522 452 3580 In
481 3540 877 3598 quascumque
905 3520 1078 3579 velim
1107 3520 1312 3599 pelago
1341 3520 1633 3579 deducere
1658 3528 1853 3579 terras.

378 3601 624 3678 Jamque
642 3601 802 3680 jugis
827 3619 1073 3660 summae
1100 3600 1372 3676 surgebat
1396 3598 1630 3658 Lucifer
1655 3599 1798 3676 ldae,

380 3677 763 3756 D‘ucebatque
787 3679 982 3753 diem3
1024 3680 1332 3756 Danaique
1359 3677 1596 3738 obsessa
1620 3678 1893 3740 tenebant

382 3758 614 3816 Limina
637 3766 925 3836 portarum
949 3778 966 3831 ς
1006 3777 1118 3817 nec
1144 3777 1279 3836 spes
1306 3758 1434 3835 opis
1461 3757 1580 3817 ulla
1604 3757 1861 3818 dabatur.

383 3836 570 3914 Cessi,
600 3846 660 3896 et
684 3835 909 3895 sublato
937 3845 1195 3895 montem
1220 3838 1479 3914 genitore
1503 3838 1702 3915 petivi.

2242 771 2358 828 765

2237 1162 2355 1219 770

2237 1555 2355 1611 '775

2235 1949 2352 2004 vso

2238 2340 2354 2400 785

2236 2735 2351 2792 790

2233 3126 2350 3183 ⁷95
