2717 4300
353 315 459 372 124
1155 311 1521 368 AENEIDOS

349 463 674 524 Priamides
701 462 897 522 multis
924 460 1192 520 Helenus
1220 460 1626 520 comltantibus
1654 460 1839 537 affert,

348 542 746 620 Agnoscitque
773 560 929 616 sum,
957 541 1240 616 lectusque
1268 540 1340 597 ad
1369 539 1570 599 limina
1596 541 1777 616 ducit,

350 622 435 680 Et
459 618 706 679 multum
733 620 1014 696 lacrymas
1043 620 1219 677 verba
1243 620 1396 676 inter
1422 618 1649 695 singula
1673 618 1878 678 fundit.
2117 624 2157 701 ’ζ

349 700 631 775 Procede,
660 708 719 758 et
743 716 977 776 parvam
1006 698 1266 776 Trojam,
1295 696 1673 773 simulataque
1701 698 1927 775 magnis
1978 732 1986 749 .

350 778 649 854 Pergama,
680 786 738 836 et
766 783 1020 835 arentem
1046 776 1272 834 Xanthi
1300 776 1650 851 cognomine
1677 777 1906 867 rivum,p
2201 780 2319 836 350

353 857 643 932 Agnosce,
675 856 975 932 Scaeaeque
1004 855 1317 932 amplector
1342 854 1544 912 limina
1568 863 1766 932 portae.

349 934 412 994 N
414 953 481 991 ee
508 953 628 992 non
656 942 716 993 et
740 933 954 992 Teucri
983 933 1140 992 socia
1167 932 1341 992 simul
1370 932 1512 991 urbe
1538 933 1838 992 fruuntur:

352 1012 491 1071 Illos
516 1012 831 1090 porticibus
858 1029 961 1070 rex
990 1011 1315 1089 accipiebat
1341 1012 1402 1069 in
1432 1011 1657 1088 amplis.
1760 1052 1763 1061 .

348 1091 524 1149 Aulai
549 1092 610 1148 in
637 1091 829 1149 medio
856 1090 1113 1149 libabant
1137 1091 1349 1168 pocula
1375 1091 1622 1166 Bacchi,

352 1168 646 1245 Impositis
673 1189 809 1228 auro
837 1168 1100 1246 dapibus,
1127 1177 1468 1247 paterasque
1495 1168 1788 1229 tenebant.
2202 1174 2319 1228 355

427 1247 672 1325 Jamque
695 1249 842 1325 dies,
872 1249 1126 1324 alterque
1153 1248 1279 1306 dies
1304 1248 1695 1325 processit,·et
1720 1267 1874 1307 aurae

225 1369 239 1377 ,
351 1322 506 1383 Vela
530 1335 757 1402 vocant,
785 1327 1125 1403 tumidoque
1152 1326 1384 1385 inflatur
1406 1327 1674 1385 carbasus
1702 1337 1910 1388 austro.

355 1403 469 1462 His
495 1414 685 1464 vatem
715 1406 1014 1482 aggredior
1039 1405 1227 1480 dietis,
1256 1424 1325 1463 ac
1352 1404 1490 1463 talia
1516 1424 1712 1482 quaeso
1736 1425 1750 1463 t

353 1481 705 1560 Trojugena,
734 1484 1012 1560 interpres
1041 1482 1259 1555 divum,
1288 1483 1388 1558 qui
1415 1484 1658 1541 numina
1682 1482 1917 1558 Phoebi,

356 1559 478 1629 Qui
504 1562 774 1640 tripodaS,
804 1560 983 1619 Clarii
1009 1559 1219 1634 lauros,
1247 1561 1347 1635 qui
1374 1561 1564 1619 sidera
1588 1560 1787 1635 sentis,
2199 1565 2315 1619 360

354 1637 436 1695 Et
461 1638 763 1697 volucrum
791 1638 1037 1714 linguas,
1066 1646 1126 1695 et
1149 1638 1417 1714 praepetis
1445 1639 1640 1695 omina
1665 1657 1894 1715 pennae,

352 1715 504 1774 Fare
532 1735 638 1793 age
674 1715 955 1794 (namque
982 1733 1217 1772 omnem
1245 1734 1475 1773 cursum
1504 1714 1655 1773 mihi·
1674 1734 1947 1795 prospera
1972 1715 2121 1777 dixit

351 1792 627 1871 Belligio,
655 1803 713 1853 et
739 1794 934 1853 cuncti
962 1801 1266 1851 suaserunt
1290 1794 1530 1853 numine
1557 1795 1678 1852 divi

353 1871 579 1931 Italiam
606 1882 822 1951 petere,
852 1880 912 1932 et
937 1880 1111 1931 terras
1139 1879 1361 1931 tentare
1389 1870 1645 1949 repostas
1669 1891 1683 1930 ε

355 1950 492 2009 Sola
516 1970 750 2026 novum,
781 1952 1053 2026 dictuque
1081 1950 1261 2025 nefas,
1290 1951 1553 2028 Harpyia
1579 1951 1820 2010 Celaeno
2198 1957 2315 2012 365

352 2028 686 2104 Prodigium
715 2030 887 2105 canit,
918 2038 977 2087 et
1000 2027 1189 2086 tristes
1217 2028 1520 2087 denuntiat
1545 2030 1678 2105 iras,
2319 2038 2322 2039 ’

353 2106 820 2186 Obscoenamque
847 2105 1118 2185 famem),
1148 2126 1275 2185 quae
1302 2108 1491 2185 prima
1516 2108 1775 2186 pericula
1799 2107 1969 2169 vito?

353 2186 586 2257 Quidve
611 2207 861 2265 sequens
887 2194 1076 2247 tantos
1103 2188 1319 2264 possim
1348 2206 1617 2266 superare
1643 2187 1909 2247 labores?

351 2264 469 2324 Hic
498 2267 783 2343 Helenus),
813 2267 981 2326 eaesis
1005 2263 1258 2344 primum
1284 2267 1358 2326 de
1386 2286 1546 2325 more
1565 2268 1858 2345 juvencis,

350 2343 573 2404 Exorat
595 2366 804 2424 pacem
832 2345 1054 2420 divfim,
1081 2345 1368 2422 vittasque
1395 2345 1628 2403 resolvit
2194 2349 2314 2406 370

352 2422 570 2482 Sacrati
596 2426 818 2501 capitis,
849 2443 1057 2499 meque
1085 2424 1157 2481 ad
1185 2432 1285 2482 tua
1309 2424 1529 2497 limina,
1558 2422 1802 2499 Phoebe,

349 2499 485 2578 Ipse
512 2522 684 2561 manu
712 2504 893 2562 multo
920 2519 1267 2580 suspensum
1294 2502 1533 2560 numine
1560 2502 1751 2575 ducit;

348 2580 543 2655 Atque
571 2581 698 2639 haec
727 2582 937 2640 deinde
964 2581 1123 2638 canit
1147 2580 1343 2638 divino
1373 2599 1448 2638 ex
1475 2598 1573 2637 ore
1600 2580 1902 2639 sacerdos:

425 2657 582 2717 Nate
610 2658 739 2734 dea,
767 2678 903 2717 nam
931 2666 988 2716 te
1015 2658 1329 2736 majoribus
1356 2657 1440 2715 ire
1465 2676 1572 2735 per
1596 2657 1777 2716 altum

345 2735 640 2812 Auspiciis
667 2737 971 2795 manifesta
996 2735 1139 2792 fides
1163 2754 1178 2793 τ
1222 2736 1305 2794 sic
1332 2736 1449 2793 fata
1474 2734 1649 2796 defim
1676 2755 1781 2796 rex
2193 2740 2311 2797 375

350 2813 608 2888 Sortitur,
636 2816 935 2891 volvitque
959 2813 1153 2887 vices;
1195 2815 1245 2871 is
1271 2815 1512 2872 vertitur
1537 2814 1693 2872 ordo.

345 2890 542 2950 Pauca
566 2893 672 2952 tibi
698 2913 731 2951 e
760 2891 975 2967 multiS,
1004 2889 1118 2969 quo
1146 2893 1319 2951 tutior
1342 2893 1571 2970 hospita
1596 2893 1804 2953 lustres

345 2969 626 3047 AEquora,
656 2980 715 3031 et
741 2971 1003 3031 Ausonio
1029 2972 1216 3048 possis
1246 2972 1759 3050 considere-portu,

344 3047 674 3126 Expediam
702 3051 902 3122 dictis3
945 3049 1254 3126 prohibent
1281 3069 1415 3108 nam
1444 3059 1654 3110 caetera
1677 3051 1878 3110 Parcae

349 3126 527 3203 Scire,
558 3129 854 3188 Helenum
880 3128 1101 3205 farique
1128 3135 1285 3187 vetat
1313 3130 1581 3188 Saturnia
1604 3130 1640 3187 J
1642 3149 1776 3188 uno.
2192 3132 2310 3188 380

344 3205 656 3285 PrincipiO,
689 3208 935 3282 Italiam,
964 3226 1137 3283 quam
1165 3216 1226 3266 tu
1247 3210 1374 3286 jam
1402 3228 1527 3266 rere
1552 3207 1930 3285 propinquam

344 3281 727 3363 Vicinosque,
756 3288 973 3363 ignare,
1001 3305 1167 3363 paras
1194 3287 1469 3345 invadere
1498 3294 1713 3364 portuS,

346 3361 549 3437 Longa
574 3367 774 3441 procul
802 3365 990 3442 longis
1016 3365 1113 3422 via
1139 3365 1346 3424 dividit
1372 3365 1529 3423 invia
1555 3365 1735 3422 terris.

347 3437 501 3498 Ante
531 3450 590 3501 et
615 3443 915 3504 Trinacria
941 3445 1245 3503 lentandus
1273 3463 1465 3502 remus
1491 3445 1551 3501 in
1578 3442 1758 3519 unda,

345 3516 429 3576 Et
454 3518 588 3577 salis
617 3523 861 3581 Ausonii
887 3523 1247 3581 lustrandum
1274 3523 1517 3581 navibus
1545 3539 1759 3599 aequor,
2192 3523 2310 3581 385

345 3595 678 3674 Infernique
705 3601 882 3675 lacus,
910 3602 1214 3678 AEaeaeque
1241 3602 1432 3660 insula
1460 3600 1665 3675 Circae,

348 3671 543 3745 Quam
571 3679 694 3737 tuta
718 3680 903 3754 possis
929 3678 1132 3736 urbem
1160 3698 1505 3758 componere
1534 3679 1700 3737 terra·

348 3754 526 3830 Signa
550 3756 654 3815 tibi
684 3757 870 3814 dicam
895 3777 918 3829 t„
954 3767 1016 3816 tu
1044 3760 1278 3817 condita
1305 3767 1497 3816 mente
1524 3765 1739 3817 teneto.

347 3832 545 3905 Quum
572 3834 678 3894 tibi
706 3835 950 3895 sollicito
979 3837 1187 3894 secreti
1216 3838 1287 3895 ad
1312 3836 1571 3896 fluminis
1599 3838 1814 3897 undam
