<?xml version="1.0" encoding="UTF-8"?>
<!DOCTYPE html PUBLIC "-//W3C//DTD XHTML 1.0 Transitional//EN"
    "http://www.w3.org/TR/xhtml1/DTD/xhtml1-transitional.dtd">
<html xmlns="http://www.w3.org/1999/xhtml" xml:lang="en" lang="en">
 <head>
  <title>
</title>
<meta http-equiv="Content-Type" content="text/html;charset=utf-8" />
  <meta name='ocr-system' content='tesseract 3.04.00' />
  <meta name='ocr-capabilities' content='ocr_page ocr_carea ocr_par ocr_line ocrx_word'/>
</head>
<body>
  <div class='ocr_page' id='page_1' title='image "./bucolicageorgic00unkngoog/bucolicageorgic00unkngoog_0152.png"; bbox 0 0 2717 4300; ppageno 0'>
   <div class='ocr_carea' id='block_1_1' title="bbox 366 242 1529 354">
    <p class='ocr_par' dir='ltr' id='par_1_1' title="bbox 366 242 1529 354">
     <span class='ocr_line' id='line_1_1' title="bbox 366 242 1529 354; baseline -0.008 -29"><span class='ocrx_word' id='word_1_1' title='bbox 366 266 469 339; x_wconf 55' lang='grc' dir='ltr'><strong>ιω</strong></span> <span class='ocrx_word' id='word_1_2' title='bbox 651 242 658 251; x_wconf 81' lang='grc'><strong>’</strong></span> <span class='ocrx_word' id='word_1_3' title='bbox 1163 259 1529 354; x_wconf 53' lang='lat' dir='ltr'><strong>&amp;ammos</strong></span> 
     </span>
    </p>
   </div>
   <div class='ocr_carea' id='block_1_2' title="bbox 281 410 2044 3050">
    <p class='ocr_par' dir='ltr' id='par_1_2' title="bbox 360 410 1761 488">
     <span class='ocr_line' id='line_1_2' title="bbox 360 410 1761 488; baseline -0.004 -14"><span class='ocrx_word' id='word_1_4' title='bbox 360 415 575 486; x_wconf 74' lang='lat' dir='ltr'><strong>Junoni</strong></span> <span class='ocrx_word' id='word_1_5' title='bbox 604 422 734 472; x_wconf 90' lang='lat' dir='ltr'><strong>ante</strong></span> <span class='ocrx_word' id='word_1_6' title='bbox 763 430 983 487; x_wconf 78' lang='lat' dir='ltr'><strong>omnes,</strong></span> <span class='ocrx_word' id='word_1_7' title='bbox 1012 411 1107 473; x_wconf 84' lang='lat' dir='ltr'><strong>cui</strong></span> <span class='ocrx_word' id='word_1_8' title='bbox 1135 411 1323 468; x_wconf 83' lang='lat' dir='ltr'><strong>vincla</strong></span> <span class='ocrx_word' id='word_1_9' title='bbox 1335 466 1340 469; x_wconf 85' lang='grc'>,</span> <span class='ocrx_word' id='word_1_10' title='bbox 1339 410 1563 488; x_wconf 73' lang='lat' dir='ltr'><strong>jugalia</strong></span> <span class='ocrx_word' id='word_1_11' title='bbox 1584 429 1761 483; x_wconf 77' lang='lat' dir='ltr'><strong>curae.</strong></span> 
     </span>
    </p>

    <p class='ocr_par' dir='ltr' id='par_1_3' title="bbox 345 480 1873 642">
     <span class='ocr_line' id='line_1_3' title="bbox 345 480 1873 623; baseline -0.005 -72"><span class='ocrx_word' id='word_1_12' title='bbox 345 488 516 623; x_wconf 42' lang='grc' dir='ltr'><strong>ἔμε,</strong></span> <span class='ocrx_word' id='word_1_13' title='bbox 545 500 748 550; x_wconf 86' lang='lat' dir='ltr'><strong>tenens</strong></span> <span class='ocrx_word' id='word_1_14' title='bbox 776 480 978 551; x_wconf 63' lang='lat' dir='ltr'><strong>dextra</strong></span> <span class='ocrx_word' id='word_1_15' title='bbox 1003 498 1276 565; x_wconf 80' lang='lat' dir='ltr'><strong>pateram,</strong></span> <span class='ocrx_word' id='word_1_16' title='bbox 1304 486 1690 563; x_wconf 77' lang='lat' dir='ltr'><strong>pulcherrima</strong></span> <span class='ocrx_word' id='word_1_17' title='bbox 1708 487 1873 555; x_wconf 78' lang='lat' dir='ltr'><strong>Dido</strong></span> 
     </span>
     <span class='ocr_line' id='line_1_4' title="bbox 380 566 1778 642; baseline -0.004 -15"><span class='ocrx_word' id='word_1_18' title='bbox 380 569 679 628; x_wconf 51' lang='lat' dir='ltr'><strong>audentis</strong></span> <span class='ocrx_word' id='word_1_19' title='bbox 707 574 898 639; x_wconf 63' lang='lat' dir='ltr'><strong>vaccae</strong></span> <span class='ocrx_word' id='word_1_20' title='bbox 928 567 1118 633; x_wconf 81' lang='lat' dir='ltr'><strong>media</strong></span> <span class='ocrx_word' id='word_1_21' title='bbox 1144 566 1292 627; x_wconf 87' lang='lat' dir='ltr'><strong>inter</strong></span> <span class='ocrx_word' id='word_1_22' title='bbox 1319 585 1534 629; x_wconf 82' lang='lat' dir='ltr'><strong>cornua</strong></span> <span class='ocrx_word' id='word_1_23' title='bbox 1558 566 1778 642; x_wconf 82' lang='lat' dir='ltr'><strong>fundit:</strong></span> 
     </span>
    </p>

    <p class='ocr_par' dir='ltr' id='par_1_4' title="bbox 357 643 1848 876">
     <span class='ocr_line' id='line_1_5' title="bbox 358 643 1811 720; baseline -0.003 -15"><span class='ocrx_word' id='word_1_24' title='bbox 358 650 480 705; x_wconf 79' lang='lat' dir='ltr'><strong>Aut</strong></span> <span class='ocrx_word' id='word_1_25' title='bbox 506 655 637 704; x_wconf 86' lang='lat' dir='ltr'><strong>ante</strong></span> <span class='ocrx_word' id='word_1_26' title='bbox 665 663 765 702; x_wconf 88' lang='lat' dir='ltr'><strong>ora</strong></span> <span class='ocrx_word' id='word_1_27' title='bbox 792 643 964 702; x_wconf 71' lang='lat' dir='ltr'><strong>deum</strong></span> <span class='ocrx_word' id='word_1_28' title='bbox 1031 643 1235 719; x_wconf 78' lang='lat' dir='ltr'><strong>ingues</strong></span> <span class='ocrx_word' id='word_1_29' title='bbox 1256 643 1637 718; x_wconf 72' lang='lat' dir='ltr'><strong>spatiaturad</strong></span> <span class='ocrx_word' id='word_1_30' title='bbox 1666 663 1811 720; x_wconf 78' lang='lat' dir='ltr'><strong>aras,</strong></span> 
     </span>
     <span class='ocr_line' id='line_1_6' title="bbox 361 663 1848 798; baseline -0.001 -16"><span class='ocrx_word' id='word_1_31' title='bbox 361 725 754 798; x_wconf 78' lang='lat' dir='ltr'><strong>Instauratque</strong></span> <span class='ocrx_word' id='word_1_32' title='bbox 781 723 934 778; x_wconf 90' lang='lat' dir='ltr'><strong>diem</strong></span> <span class='ocrx_word' id='word_1_33' title='bbox 964 663 1148 796; x_wconf 53' lang='grc' dir='ltr'><strong>ἀζῃίε,</strong></span> <span class='ocrx_word' id='word_1_34' title='bbox 1177 721 1582 798; x_wconf 82' lang='lat' dir='ltr'><strong>pecudumque</strong></span> <span class='ocrx_word' id='word_1_35' title='bbox 1599 721 1848 781; x_wconf 78' lang='lat' dir='ltr'><strong>,reclusis</strong></span> 
     </span>
     <span class='ocr_line' id='line_1_7' title="bbox 357 796 1727 876; baseline -0.004 -16"><span class='ocrx_word' id='word_1_36' title='bbox 357 799 697 860; x_wconf 85' lang='lat' dir='ltr'><strong>Pectoribus</strong></span> <span class='ocrx_word' id='word_1_37' title='bbox 724 796 973 874; x_wconf 83' lang='lat' dir='ltr'><strong>inhians,</strong></span> <span class='ocrx_word' id='word_1_38' title='bbox 999 799 1277 876; x_wconf 80' lang='lat' dir='ltr'><strong>spirantia</strong></span> <span class='ocrx_word' id='word_1_39' title='bbox 1303 796 1550 859; x_wconf 86' lang='lat' dir='ltr'><strong>consulit</strong></span> <span class='ocrx_word' id='word_1_40' title='bbox 1575 807 1727 865; x_wconf 62' lang='lat' dir='ltr'><strong>exta.</strong></span> 
     </span>
    </p>

    <p class='ocr_par' dir='ltr' id='par_1_5' title="bbox 355 870 1977 1186">
     <span class='ocr_line' id='line_1_8' title="bbox 357 870 1977 954; baseline 0 -19"><span class='ocrx_word' id='word_1_41' title='bbox 357 876 494 935; x_wconf 88' lang='lat' dir='ltr'><strong>Heu</strong></span> <span class='ocrx_word' id='word_1_42' title='bbox 520 880 533 933; x_wconf 88' lang='lat'>!</span> <span class='ocrx_word' id='word_1_43' title='bbox 576 885 772 934; x_wconf 86' lang='lat' dir='ltr'><strong>vatum</strong></span> <span class='ocrx_word' id='word_1_44' title='bbox 798 870 1299 951; x_wconf 72' lang='lat' dir='ltr'><strong>ignaiae&#39;mentes!</strong></span> <span class='ocrx_word' id='word_1_45' title='bbox 1345 876 1487 952; x_wconf 83' lang='lat' dir='ltr'><strong>quid</strong></span> <span class='ocrx_word' id='word_1_46' title='bbox 1512 884 1648 935; x_wconf 88' lang='lat' dir='ltr'><strong>vota</strong></span> <span class='ocrx_word' id='word_1_47' title='bbox 1673 875 1977 954; x_wconf 69' lang='lat' dir='ltr'><strong>furentem,</strong></span> 
     </span>
     <span class='ocr_line' id='line_1_9' title="bbox 358 950 1966 1031; baseline 0.005 -20"><span class='ocrx_word' id='word_1_48' title='bbox 358 955 519 1025; x_wconf 80' lang='lat' dir='ltr'><strong>Quid</strong></span> <span class='ocrx_word' id='word_1_49' title='bbox 547 953 788 1014; x_wconf 87' lang='lat' dir='ltr'><strong>delubra</strong></span> <span class='ocrx_word' id='word_1_50' title='bbox 802 956 1054 1031; x_wconf 56' lang='lat' dir='ltr'><strong>Juuant?</strong></span> <span class='ocrx_word' id='word_1_51' title='bbox 1088 963 1185 1021; x_wconf 53' lang='lat' dir='ltr'><strong>2est</strong></span> <span class='ocrx_word' id='word_1_52' title='bbox 1211 954 1400 1013; x_wconf 87' lang='lat' dir='ltr'><strong>mollis</strong></span> <span class='ocrx_word' id='word_1_53' title='bbox 1416 950 1659 1015; x_wconf 81' lang='lat' dir='ltr'><strong>-flamma</strong></span> <span class='ocrx_word' id='word_1_54' title='bbox 1676 954 1966 1021; x_wconf 71' lang='lat' dir='ltr'><strong>medullas</strong></span> 
     </span>
     <span class='ocr_line' id='line_1_10' title="bbox 356 1031 1951 1108; baseline 0.001 -19"><span class='ocrx_word' id='word_1_55' title='bbox 356 1031 605 1108; x_wconf 87' lang='lat' dir='ltr'><strong>Interea,</strong></span> <span class='ocrx_word' id='word_1_56' title='bbox 635 1041 694 1090; x_wconf 89' lang='lat' dir='ltr'><strong>et</strong></span> <span class='ocrx_word' id='word_1_57' title='bbox 719 1032 957 1089; x_wconf 88' lang='lat' dir='ltr'><strong>tacitum</strong></span> <span class='ocrx_word' id='word_1_58' title='bbox 984 1031 1127 1097; x_wconf 81' lang='lat' dir='ltr'><strong>vivit</strong></span> <span class='ocrx_word' id='word_1_59' title='bbox 1152 1032 1262 1090; x_wconf 87' lang='lat' dir='ltr'><strong>sub</strong></span> <span class='ocrx_word' id='word_1_60' title='bbox 1287 1040 1521 1108; x_wconf 90' lang='lat' dir='ltr'><strong>pectore</strong></span> <span class='ocrx_word' id='word_1_61' title='bbox 1548 1033 1779 1098; x_wconf 84' lang='lat' dir='ltr'><strong>vulnus.</strong></span> <span class='ocrx_word' id='word_1_62' title='bbox 1946 1058 1951 1065; x_wconf 50' lang='lat'><em>¹</em></span> 
     </span>
     <span class='ocr_line' id='line_1_11' title="bbox 355 1109 1524 1186; baseline -0.003 -17"><span class='ocrx_word' id='word_1_63' title='bbox 355 1109 557 1169; x_wconf 87' lang='lat' dir='ltr'><strong>Uritur</strong></span> <span class='ocrx_word' id='word_1_64' title='bbox 580 1109 784 1167; x_wconf 81' lang='lat' dir='ltr'><strong>infelix</strong></span> <span class='ocrx_word' id='word_1_65' title='bbox 812 1109 990 1185; x_wconf 84' lang='lat' dir='ltr'><strong>Dido,</strong></span> <span class='ocrx_word' id='word_1_66' title='bbox 1009 1111 1251 1186; x_wconf 64' lang='lat' dir='ltr'><strong>totaque</strong></span> <span class='ocrx_word' id='word_1_67' title='bbox 1271 1112 1524 1186; x_wconf 66' lang='lat' dir='ltr'><strong>‘vagatur</strong></span> 
     </span>
    </p>

    <p class='ocr_par' dir='ltr' id='par_1_6' title="bbox 355 1185 1917 1420">
     <span class='ocr_line' id='line_1_12' title="bbox 356 1185 1746 1290; baseline -0.001 -44"><span class='ocrx_word' id='word_1_68' title='bbox 356 1185 519 1246; x_wconf 88' lang='lat' dir='ltr'><strong>Urbe</strong></span> <span class='ocrx_word' id='word_1_69' title='bbox 546 1186 741 1247; x_wconf 71' lang='lat' dir='ltr'><strong>furem</strong></span> <span class='ocrx_word' id='word_1_70' title='bbox 766 1207 779 1244; x_wconf 94' lang='lat'><strong>:</strong></span> <span class='ocrx_word' id='word_1_71' title='bbox 823 1188 1007 1264; x_wconf 81' lang='lat' dir='ltr'><strong>qualis</strong></span> <span class='ocrx_word' id='word_1_72' title='bbox 1035 1187 1297 1266; x_wconf 71' lang='lat' dir='ltr'><strong>conjecta</strong></span> <span class='ocrx_word' id='word_1_73' title='bbox 1324 1206 1496 1244; x_wconf 89' lang='lat' dir='ltr'><strong>cerva</strong></span> <span class='ocrx_word' id='word_1_74' title='bbox 1521 1186 1746 1290; x_wconf 68' lang='lat' dir='ltr'><strong>sagitta,</strong></span> 
     </span>
     <span class='ocr_line' id='line_1_13' title="bbox 359 1263 1917 1340; baseline 0.002 -19"><span class='ocrx_word' id='word_1_75' title='bbox 359 1263 551 1334; x_wconf 75' lang='lat' dir='ltr'><strong>Quam</strong></span> <span class='ocrx_word' id='word_1_76' title='bbox 576 1264 777 1340; x_wconf 86' lang='lat' dir='ltr'><strong>procul</strong></span> <span class='ocrx_word' id='word_1_77' title='bbox 805 1264 1095 1333; x_wconf 82' lang='lat' dir='ltr'><strong>incautam</strong></span> <span class='ocrx_word' id='word_1_78' title='bbox 1120 1283 1357 1323; x_wconf 88' lang='lat' dir='ltr'><strong>nemora</strong></span> <span class='ocrx_word' id='word_1_79' title='bbox 1383 1265 1533 1322; x_wconf 87' lang='lat' dir='ltr'><strong>inter</strong></span> <span class='ocrx_word' id='word_1_80' title='bbox 1560 1264 1763 1322; x_wconf 65' lang='lat' dir='ltr'><strong>Cresia</strong></span> <span class='ocrx_word' id='word_1_81' title='bbox 1785 1265 1917 1331; x_wconf 80' lang='lat' dir='ltr'><strong>fixit</strong></span> 
     </span>
     <span class='ocr_line' id='line_1_14' title="bbox 355 1341 1744 1420; baseline 0 -21"><span class='ocrx_word' id='word_1_82' title='bbox 355 1341 561 1400; x_wconf 88' lang='lat' dir='ltr'><strong>Pastor</strong></span> <span class='ocrx_word' id='word_1_83' title='bbox 586 1361 762 1417; x_wconf 84' lang='lat' dir='ltr'><strong>agens</strong></span> <span class='ocrx_word' id='word_1_84' title='bbox 789 1342 937 1418; x_wconf 90' lang='lat' dir='ltr'><strong>telis,</strong></span> <span class='ocrx_word' id='word_1_85' title='bbox 965 1342 1007 1401; x_wconf 91' lang='lat' dir='ltr'><strong>li</strong></span> <span class='ocrx_word' id='word_1_86' title='bbox 1047 1343 1246 1420; x_wconf 89' lang='lat' dir='ltr'><strong>uitque</strong></span> <span class='ocrx_word' id='word_1_87' title='bbox 1272 1342 1505 1401; x_wconf 86' lang='lat' dir='ltr'><strong>volatile</strong></span> <span class='ocrx_word' id='word_1_88' title='bbox 1532 1342 1744 1400; x_wconf 88' lang='lat' dir='ltr'><strong>ferrum</strong></span> 
     </span>
    </p>

    <p class='ocr_par' dir='ltr' id='par_1_7' title="bbox 356 1363 1763 1555">
     <span class='ocr_line' id='line_1_15' title="bbox 356 1363 1763 1496; baseline -0.001 -18"><span class='ocrx_word' id='word_1_89' title='bbox 356 1419 420 1478; x_wconf 90' lang='lat' dir='ltr'>N</span> <span class='ocrx_word' id='word_1_90' title='bbox 421 1420 650 1492; x_wconf 87' lang='lat' dir='ltr'><strong>escius;</strong></span> <span class='ocrx_word' id='word_1_91' title='bbox 692 1420 792 1477; x_wconf 88' lang='lat' dir='ltr'><strong>illa</strong></span> <span class='ocrx_word' id='word_1_92' title='bbox 816 1419 952 1496; x_wconf 69' lang='lat' dir='ltr'><strong>fuga</strong></span> <span class='ocrx_word' id='word_1_93' title='bbox 980 1363 1152 1478; x_wconf 60' lang='lat' dir='ltr'><strong>siivas</strong></span> <span class='ocrx_word' id='word_1_94' title='bbox 1180 1420 1474 1496; x_wconf 82' lang='lat' dir='ltr'><strong>saltusque</strong></span> <span class='ocrx_word' id='word_1_95' title='bbox 1501 1427 1763 1495; x_wconf 77' lang='lat' dir='ltr'><strong>peragrat</strong></span> 
     </span>
     <span class='ocr_line' id='line_1_16' title="bbox 356 1494 1541 1555; baseline -0.002 -1"><span class='ocrx_word' id='word_1_96' title='bbox 356 1494 613 1554; x_wconf 83' lang='lat' dir='ltr'><strong>Dictaeos</strong></span> <span class='ocrx_word' id='word_1_97' title='bbox 636 1516 651 1553; x_wconf 91' lang='lat'>:</span> <span class='ocrx_word' id='word_1_98' title='bbox 692 1497 875 1554; x_wconf 81' lang='lat' dir='ltr'><strong>haeret</strong></span> <span class='ocrx_word' id='word_1_99' title='bbox 900 1497 1064 1554; x_wconf 87' lang='lat' dir='ltr'><strong>lateri</strong></span> <span class='ocrx_word' id='word_1_100' title='bbox 1089 1497 1275 1555; x_wconf 87' lang='lat' dir='ltr'><strong>letalis</strong></span> <span class='ocrx_word' id='word_1_101' title='bbox 1304 1496 1541 1554; x_wconf 86' lang='lat' dir='ltr'><strong>arundo.</strong></span> 
     </span>
    </p>

    <p class='ocr_par' dir='ltr' id='par_1_8' title="bbox 355 1572 1869 1728">
     <span class='ocr_line' id='line_1_17' title="bbox 355 1572 1808 1649; baseline -0.003 -16"><span class='ocrx_word' id='word_1_102' title='bbox 355 1574 534 1635; x_wconf 90' lang='lat' dir='ltr'><strong>Nunc</strong></span> <span class='ocrx_word' id='word_1_103' title='bbox 560 1574 753 1632; x_wconf 88' lang='lat' dir='ltr'><strong>media</strong></span> <span class='ocrx_word' id='word_1_104' title='bbox 775 1573 1007 1631; x_wconf 87' lang='lat' dir='ltr'><strong>AEnean</strong></span> <span class='ocrx_word' id='word_1_105' title='bbox 1036 1592 1234 1631; x_wconf 87' lang='lat' dir='ltr'><strong>secum</strong></span> <span class='ocrx_word' id='word_1_106' title='bbox 1250 1593 1365 1649; x_wconf 31' lang='lat' dir='ltr'><strong>*per</strong></span> <span class='ocrx_word' id='word_1_107' title='bbox 1390 1573 1605 1643; x_wconf 81' lang='lat' dir='ltr'><strong>moenia</strong></span> <span class='ocrx_word' id='word_1_108' title='bbox 1631 1572 1808 1647; x_wconf 85' lang='lat' dir='ltr'><strong>ducit,</strong></span> 
     </span>
     <span class='ocr_line' id='line_1_18' title="bbox 360 1650 1869 1728; baseline 0 -20"><span class='ocrx_word' id='word_1_109' title='bbox 360 1651 625 1723; x_wconf 84' lang='lat' dir='ltr'><strong>Sidonias</strong></span> <span class='ocrx_word' id='word_1_110' title='bbox 664 1670 741 1709; x_wconf 89' lang='lat' dir='ltr'><strong>ue</strong></span> <span class='ocrx_word' id='word_1_111' title='bbox 769 1658 1018 1709; x_wconf 79' lang='lat' dir='ltr'><strong>ostentat</strong></span> <span class='ocrx_word' id='word_1_112' title='bbox 1043 1658 1208 1728; x_wconf 65' lang='lat' dir='ltr'><strong>opes,⁴</strong></span> <span class='ocrx_word' id='word_1_113' title='bbox 1231 1650 1547 1727; x_wconf 85' lang='lat' dir='ltr'><strong>urbemque</strong></span> <span class='ocrx_word' id='word_1_114' title='bbox 1573 1659 1869 1727; x_wconf 84' lang='lat' dir='ltr'><strong>paratam:</strong></span> 
     </span>
    </p>

    <p class='ocr_par' dir='ltr' id='par_1_9' title="bbox 281 1728 1778 1806">
     <span class='ocr_line' id='line_1_19' title="bbox 281 1728 1778 1806; baseline 0 -19"><span class='ocrx_word' id='word_1_115' title='bbox 281 1752 288 1757; x_wconf 87' lang='lat'>·</span> <span class='ocrx_word' id='word_1_116' title='bbox 358 1728 573 1806; x_wconf 87' lang='lat' dir='ltr'><strong>Incipit</strong></span> <span class='ocrx_word' id='word_1_117' title='bbox 598 1747 631 1786; x_wconf 89' lang='lat' dir='ltr'><strong>e</strong></span> <span class='ocrx_word' id='word_1_118' title='bbox 678 1729 777 1804; x_wconf 88' lang='lat' dir='ltr'><strong>ari,</strong></span> <span class='ocrx_word' id='word_1_119' title='bbox 805 1728 1113 1804; x_wconf 70' lang='lat' dir='ltr'><strong>mediaque</strong></span> <span class='ocrx_word' id='word_1_120' title='bbox 1139 1729 1201 1786; x_wconf 92' lang='lat' dir='ltr'><strong>in</strong></span> <span class='ocrx_word' id='word_1_121' title='bbox 1226 1746 1372 1787; x_wconf 83' lang='lat' dir='ltr'><strong>voce</strong></span> <span class='ocrx_word' id='word_1_122' title='bbox 1400 1728 1628 1790; x_wconf 82' lang='lat' dir='ltr'><strong>resistit.</strong></span> <span class='ocrx_word' id='word_1_123' title='bbox 1772 1737 1778 1742; x_wconf 86' lang='lat'>&#39;</span> 
     </span>
    </p>

    <p class='ocr_par' dir='ltr' id='par_1_10' title="bbox 356 1805 1736 1883">
     <span class='ocr_line' id='line_1_20' title="bbox 356 1805 1736 1883; baseline -0.001 -18"><span class='ocrx_word' id='word_1_124' title='bbox 356 1805 537 1865; x_wconf 86' lang='lat' dir='ltr'><strong>Nunc</strong></span> <span class='ocrx_word' id='word_1_125' title='bbox 564 1808 785 1880; x_wconf 89' lang='lat' dir='ltr'><strong>eadem,</strong></span> <span class='ocrx_word' id='word_1_126' title='bbox 812 1806 1042 1867; x_wconf 83' lang='lat' dir='ltr'><strong>labente</strong></span> <span class='ocrx_word' id='word_1_127' title='bbox 1073 1806 1187 1883; x_wconf 85' lang='lat' dir='ltr'><strong>die,</strong></span> <span class='ocrx_word' id='word_1_128' title='bbox 1216 1806 1483 1869; x_wconf 85' lang='lat' dir='ltr'><strong>convivia</strong></span> <span class='ocrx_word' id='word_1_129' title='bbox 1508 1805 1736 1883; x_wconf 79' lang='lat' dir='ltr'><strong>quaerit,</strong></span> 
     </span>
    </p>

    <p class='ocr_par' dir='ltr' id='par_1_11' title="bbox 358 1883 1665 1962">
     <span class='ocr_line' id='line_1_21' title="bbox 358 1883 1665 1962; baseline 0 -20"><span class='ocrx_word' id='word_1_130' title='bbox 358 1883 680 1962; x_wconf 80' lang='lat' dir='ltr'><strong>Iliacosque</strong></span> <span class='ocrx_word' id='word_1_131' title='bbox 707 1885 915 1943; x_wconf 87' lang='lat' dir='ltr'><strong>iterum</strong></span> <span class='ocrx_word' id='word_1_132' title='bbox 945 1884 1184 1942; x_wconf 88' lang='lat' dir='ltr'><strong>demens</strong></span> <span class='ocrx_word' id='word_1_133' title='bbox 1213 1884 1412 1943; x_wconf 85' lang='lat' dir='ltr'><strong>audire</strong></span> <span class='ocrx_word' id='word_1_134' title='bbox 1438 1883 1665 1943; x_wconf 87' lang='lat' dir='ltr'><strong>labores</strong></span> 
     </span>
    </p>

    <p class='ocr_par' dir='ltr' id='par_1_12' title="bbox 357 1961 1805 2041">
     <span class='ocr_line' id='line_1_22' title="bbox 357 1961 1805 2041; baseline -0.003 -18"><span class='ocrx_word' id='word_1_135' title='bbox 357 1961 659 2041; x_wconf 85' lang='lat' dir='ltr'><strong>Exposcit‚</strong></span> <span class='ocrx_word' id='word_1_136' title='bbox 686 1964 1019 2041; x_wconf 87' lang='lat' dir='ltr'><strong>pendetque</strong></span> <span class='ocrx_word' id='word_1_137' title='bbox 1045 1962 1251 2023; x_wconf 85' lang='lat' dir='ltr'><strong>iterum</strong></span> <span class='ocrx_word' id='word_1_138' title='bbox 1279 1962 1558 2020; x_wconf 87' lang='lat' dir='ltr'><strong>narrantis</strong></span> <span class='ocrx_word' id='word_1_139' title='bbox 1588 1961 1658 2020; x_wconf 87' lang='lat' dir='ltr'><strong>ab</strong></span> <span class='ocrx_word' id='word_1_140' title='bbox 1684 1980 1805 2020; x_wconf 86' lang='lat' dir='ltr'><strong>ore.</strong></span> 
     </span>
    </p>

    <p class='ocr_par' dir='ltr' id='par_1_13' title="bbox 356 2028 1830 2119">
     <span class='ocr_line' id='line_1_23' title="bbox 356 2028 1830 2119; baseline -0.001 -20"><span class='ocrx_word' id='word_1_141' title='bbox 356 2028 529 2117; x_wconf 62' lang='lat' dir='ltr'><strong>Post,</strong></span> <span class='ocrx_word' id='word_1_142' title='bbox 546 2041 648 2099; x_wconf 91' lang='lat' dir='ltr'><strong>ubi</strong></span> <span class='ocrx_word' id='word_1_143' title='bbox 674 2041 934 2119; x_wconf 77' lang='lat' dir='ltr'><strong>digressi,</strong></span> <span class='ocrx_word' id='word_1_144' title='bbox 962 2039 1277 2117; x_wconf 87' lang='lat' dir='ltr'><strong>lumenque</strong></span> <span class='ocrx_word' id='word_1_145' title='bbox 1305 2039 1550 2098; x_wconf 89' lang='lat' dir='ltr'><strong>obscura</strong></span> <span class='ocrx_word' id='word_1_146' title='bbox 1574 2040 1830 2098; x_wconf 85' lang='lat' dir='ltr'><strong>vicissim</strong></span> 
     </span>
    </p>

    <p class='ocr_par' dir='ltr' id='par_1_14' title="bbox 356 2118 1946 2198">
     <span class='ocr_line' id='line_1_24' title="bbox 356 2118 1946 2198; baseline -0.001 -20"><span class='ocrx_word' id='word_1_147' title='bbox 356 2119 523 2178; x_wconf 88' lang='lat' dir='ltr'><strong>Luna</strong></span> <span class='ocrx_word' id='word_1_148' title='bbox 546 2119 773 2197; x_wconf 88' lang='lat' dir='ltr'><strong>premit,</strong></span> <span class='ocrx_word' id='word_1_149' title='bbox 803 2119 1161 2198; x_wconf 78' lang='lat' dir='ltr'><strong>suadentque</strong></span> <span class='ocrx_word' id='word_1_150' title='bbox 1189 2118 1456 2178; x_wconf 79' lang='lat' dir='ltr'><strong>cadentia</strong></span> <span class='ocrx_word' id='word_1_151' title='bbox 1480 2119 1669 2178; x_wconf 86' lang='lat' dir='ltr'><strong>sidera</strong></span> <span class='ocrx_word' id='word_1_152' title='bbox 1693 2136 1946 2195; x_wconf 78' lang='lat' dir='ltr'><strong>somnos,</strong></span> 
     </span>
    </p>

    <p class='ocr_par' dir='ltr' id='par_1_15' title="bbox 360 2197 1724 2274">
     <span class='ocr_line' id='line_1_25' title="bbox 360 2197 1724 2274; baseline 0 -18"><span class='ocrx_word' id='word_1_153' title='bbox 360 2198 497 2256; x_wconf 88' lang='lat' dir='ltr'><strong>Sola</strong></span> <span class='ocrx_word' id='word_1_154' title='bbox 522 2199 691 2256; x_wconf 89' lang='lat' dir='ltr'><strong>domo</strong></span> <span class='ocrx_word' id='word_1_155' title='bbox 718 2208 924 2258; x_wconf 88' lang='lat' dir='ltr'><strong>moeret</strong></span> <span class='ocrx_word' id='word_1_156' title='bbox 947 2197 1153 2274; x_wconf 66' lang='lat' dir='ltr'><strong>vacua,</strong></span> <span class='ocrx_word' id='word_1_157' title='bbox 1182 2197 1484 2274; x_wconf 87' lang='lat' dir='ltr'><strong>stratisque</strong></span> <span class='ocrx_word' id='word_1_158' title='bbox 1511 2197 1724 2256; x_wconf 87' lang='lat' dir='ltr'><strong>relictis</strong></span> 
     </span>
    </p>

    <p class='ocr_par' dir='ltr' id='par_1_16' title="bbox 358 2275 2044 2353">
     <span class='ocr_line' id='line_1_26' title="bbox 358 2275 2044 2353; baseline -0.002 -18"><span class='ocrx_word' id='word_1_159' title='bbox 358 2275 637 2335; x_wconf 87' lang='lat' dir='ltr'><strong>Incubat:</strong></span> <span class='ocrx_word' id='word_1_160' title='bbox 680 2276 847 2336; x_wconf 90' lang='lat' dir='ltr'><strong>illum</strong></span> <span class='ocrx_word' id='word_1_161' title='bbox 869 2275 1082 2335; x_wconf 81' lang='lat' dir='ltr'><strong>absens</strong></span> <span class='ocrx_word' id='word_1_162' title='bbox 1107 2275 1409 2334; x_wconf 79' lang='lat' dir='ltr'><strong>absentem</strong></span> <span class='ocrx_word' id='word_1_163' title='bbox 1436 2275 1706 2351; x_wconf 79' lang='lat' dir='ltr'><strong>auditque</strong></span> <span class='ocrx_word' id='word_1_164' title='bbox 1732 2275 2044 2353; x_wconf 77' lang='lat' dir='ltr'><strong>videtque3</strong></span> 
     </span>
    </p>

    <p class='ocr_par' dir='ltr' id='par_1_17' title="bbox 356 2352 1874 2430">
     <span class='ocr_line' id='line_1_27' title="bbox 356 2352 1874 2430; baseline -0.003 -18"><span class='ocrx_word' id='word_1_165' title='bbox 356 2357 476 2424; x_wconf 73' lang='lat' dir='ltr'><strong>Aut</strong></span> <span class='ocrx_word' id='word_1_166' title='bbox 502 2354 717 2430; x_wconf 88' lang='lat' dir='ltr'><strong>gremio</strong></span> <span class='ocrx_word' id='word_1_167' title='bbox 745 2355 1082 2429; x_wconf 85' lang='lat' dir='ltr'><strong>Ascanium,</strong></span> <span class='ocrx_word' id='word_1_168' title='bbox 1109 2353 1383 2430; x_wconf 84' lang='lat' dir='ltr'><strong>genitoris</strong></span> <span class='ocrx_word' id='word_1_169' title='bbox 1411 2352 1661 2427; x_wconf 87' lang='lat' dir='ltr'><strong>imagine</strong></span> <span class='ocrx_word' id='word_1_170' title='bbox 1688 2360 1874 2429; x_wconf 75' lang='lat' dir='ltr'><strong>capta,</strong></span> 
     </span>
    </p>

    <p class='ocr_par' dir='ltr' id='par_1_18' title="bbox 355 2429 1752 2507">
     <span class='ocr_line' id='line_1_28' title="bbox 355 2429 1752 2507; baseline -0.004 -16"><span class='ocrx_word' id='word_1_171' title='bbox 355 2429 617 2507; x_wconf 88' lang='lat' dir='ltr'><strong>Detinet,</strong></span> <span class='ocrx_word' id='word_1_172' title='bbox 645 2432 944 2491; x_wconf 86' lang='lat' dir='ltr'><strong>infandum</strong></span> <span class='ocrx_word' id='word_1_173' title='bbox 971 2432 1020 2498; x_wconf 85' lang='lat' dir='ltr'><strong>si</strong></span> <span class='ocrx_word' id='word_1_174' title='bbox 1047 2429 1244 2491; x_wconf 84' lang='lat' dir='ltr'><strong>fallere</strong></span> <span class='ocrx_word' id='word_1_175' title='bbox 1271 2429 1456 2507; x_wconf 85' lang='lat' dir='ltr'><strong>possit</strong></span> <span class='ocrx_word' id='word_1_176' title='bbox 1481 2448 1752 2501; x_wconf 85' lang='lat' dir='ltr'><strong>amorem.</strong></span> 
     </span>
    </p>

    <p class='ocr_par' dir='ltr' id='par_1_19' title="bbox 355 2509 1956 2586">
     <span class='ocr_line' id='line_1_29' title="bbox 355 2509 1956 2586; baseline -0.001 -17"><span class='ocrx_word' id='word_1_177' title='bbox 355 2510 496 2569; x_wconf 89' lang='lat' dir='ltr'><strong>Non</strong></span> <span class='ocrx_word' id='word_1_178' title='bbox 524 2517 732 2586; x_wconf 82' lang='lat' dir='ltr'><strong>coeptae</strong></span> <span class='ocrx_word' id='word_1_179' title='bbox 762 2516 1307 2585; x_wconf 19' lang='lat' dir='ltr'><strong>assurgunt-turrem</strong></span> <span class='ocrx_word' id='word_1_180' title='bbox 1349 2526 1467 2568; x_wconf 88' lang='lat' dir='ltr'><strong>non</strong></span> <span class='ocrx_word' id='word_1_181' title='bbox 1497 2526 1657 2565; x_wconf 87' lang='lat' dir='ltr'><strong>arma</strong></span> <span class='ocrx_word' id='word_1_182' title='bbox 1687 2509 1956 2568; x_wconf 74' lang='lat' dir='ltr'><strong>‘uventus</strong></span> 
     </span>
    </p>

    <p class='ocr_par' dir='ltr' id='par_1_20' title="bbox 356 2584 1745 2663">
     <span class='ocr_line' id='line_1_30' title="bbox 356 2584 1745 2663; baseline -0.002 -18"><span class='ocrx_word' id='word_1_183' title='bbox 356 2588 651 2660; x_wconf 80' lang='lat' dir='ltr'><strong>Exercet3</strong></span> <span class='ocrx_word' id='word_1_184' title='bbox 694 2595 982 2662; x_wconf 86' lang='lat' dir='ltr'><strong>portusve,</strong></span> <span class='ocrx_word' id='word_1_185' title='bbox 1013 2594 1111 2644; x_wconf 85' lang='lat' dir='ltr'><strong>aut</strong></span> <span class='ocrx_word' id='word_1_186' title='bbox 1133 2584 1566 2663; x_wconf 85' lang='lat' dir='ltr'><strong>propugnacula</strong></span> <span class='ocrx_word' id='word_1_187' title='bbox 1591 2584 1665 2643; x_wconf 90' lang='lat' dir='ltr'><strong>be</strong></span> <span class='ocrx_word' id='word_1_188' title='bbox 1688 2585 1745 2642; x_wconf 89' lang='lat' dir='ltr'><strong>lo</strong></span> 
     </span>
    </p>

    <p class='ocr_par' dir='ltr' id='par_1_21' title="bbox 356 2662 1956 2741">
     <span class='ocr_line' id='line_1_31' title="bbox 356 2662 1956 2741; baseline -0.001 -18"><span class='ocrx_word' id='word_1_189' title='bbox 356 2665 511 2723; x_wconf 88' lang='lat' dir='ltr'><strong>Tuta</strong></span> <span class='ocrx_word' id='word_1_190' title='bbox 535 2672 773 2741; x_wconf 86' lang='lat' dir='ltr'><strong>parant:</strong></span> <span class='ocrx_word' id='word_1_191' title='bbox 816 2665 1075 2740; x_wconf 87' lang='lat' dir='ltr'><strong>pendent</strong></span> <span class='ocrx_word' id='word_1_192' title='bbox 1100 2682 1275 2739; x_wconf 82' lang='lat' dir='ltr'><strong>opera</strong></span> <span class='ocrx_word' id='word_1_193' title='bbox 1300 2662 1634 2738; x_wconf 86' lang='lat' dir='ltr'><strong>interrupta,</strong></span> <span class='ocrx_word' id='word_1_194' title='bbox 1664 2662 1956 2741; x_wconf 63' lang='lat' dir='ltr'><strong>minaeque</strong></span> 
     </span>
    </p>

    <p class='ocr_par' dir='ltr' id='par_1_22' title="bbox 356 2740 1824 2818">
     <span class='ocr_line' id='line_1_32' title="bbox 356 2740 1824 2818; baseline 0 -19"><span class='ocrx_word' id='word_1_195' title='bbox 356 2742 659 2814; x_wconf 78' lang='lat' dir='ltr'><strong>Murorum</strong></span> <span class='ocrx_word' id='word_1_196' title='bbox 685 2741 968 2818; x_wconf 86' lang='lat' dir='ltr'><strong>ingentes,</strong></span> <span class='ocrx_word' id='word_1_197' title='bbox 998 2749 1334 2818; x_wconf 79' lang='lat' dir='ltr'><strong>aequataque</strong></span> <span class='ocrx_word' id='word_1_198' title='bbox 1360 2740 1631 2798; x_wconf 87' lang='lat' dir='ltr'><strong>machina</strong></span> <span class='ocrx_word' id='word_1_199' title='bbox 1656 2740 1824 2799; x_wconf 86' lang='lat' dir='ltr'><strong>coelo.</strong></span> 
     </span>
    </p>

    <p class='ocr_par' dir='ltr' id='par_1_23' title="bbox 357 2818 1824 3050">
     <span class='ocr_line' id='line_1_33' title="bbox 436 2818 1762 2896; baseline -0.002 -18"><span class='ocrx_word' id='word_1_200' title='bbox 436 2819 629 2890; x_wconf 81' lang='lat' dir='ltr'><strong>Quam</strong></span> <span class='ocrx_word' id='word_1_201' title='bbox 660 2819 830 2878; x_wconf 88' lang='lat' dir='ltr'><strong>simul</strong></span> <span class='ocrx_word' id='word_1_202' title='bbox 859 2838 926 2876; x_wconf 79' lang='lat' dir='ltr'><strong>ac</strong></span> <span class='ocrx_word' id='word_1_203' title='bbox 953 2818 1052 2878; x_wconf 88' lang='lat' dir='ltr'><strong>tali</strong></span> <span class='ocrx_word' id='word_1_204' title='bbox 1077 2819 1364 2896; x_wconf 86' lang='lat' dir='ltr'><strong>persensit</strong></span> <span class='ocrx_word' id='word_1_205' title='bbox 1431 2822 1552 2877; x_wconf 83' lang='lat' dir='ltr'><strong>este</strong></span> <span class='ocrx_word' id='word_1_206' title='bbox 1579 2819 1762 2877; x_wconf 91' lang='lat' dir='ltr'><strong>teneri</strong></span> 
     </span>
     <span class='ocr_line' id='line_1_34' title="bbox 357 2896 1824 2976; baseline 0.001 -21"><span class='ocrx_word' id='word_1_207' title='bbox 357 2897 508 2955; x_wconf 81' lang='lat' dir='ltr'><strong>Cara</strong></span> <span class='ocrx_word' id='word_1_208' title='bbox 531 2897 693 2956; x_wconf 88' lang='lat' dir='ltr'><strong>Jovis</strong></span> <span class='ocrx_word' id='word_1_209' title='bbox 720 2899 951 2976; x_wconf 84' lang='lat' dir='ltr'><strong>conjux,</strong></span> <span class='ocrx_word' id='word_1_210' title='bbox 979 2917 1089 2956; x_wconf 87' lang='lat' dir='ltr'><strong>nec</strong></span> <span class='ocrx_word' id='word_1_211' title='bbox 1117 2898 1329 2955; x_wconf 84' lang='lat' dir='ltr'><strong>samam</strong></span> <span class='ocrx_word' id='word_1_212' title='bbox 1358 2916 1392 2954; x_wconf 94' lang='lat' dir='ltr'><strong>o</strong></span> <span class='ocrx_word' id='word_1_213' title='bbox 1434 2905 1584 2955; x_wconf 85' lang='lat' dir='ltr'><strong>stare</strong></span> <span class='ocrx_word' id='word_1_214' title='bbox 1610 2896 1824 2971; x_wconf 80' lang='lat' dir='ltr'><strong>furori3</strong></span> 
     </span>
     <span class='ocr_line' id='line_1_35' title="bbox 358 2970 1797 3050; baseline 0.001 -18"><span class='ocrx_word' id='word_1_215' title='bbox 358 2970 598 3034; x_wconf 84' lang='lat' dir='ltr'><strong>Talibus</strong></span> <span class='ocrx_word' id='word_1_216' title='bbox 625 2975 949 3050; x_wconf 85' lang='lat' dir='ltr'><strong>aggreditur</strong></span> <span class='ocrx_word' id='word_1_217' title='bbox 973 2975 1265 3034; x_wconf 87' lang='lat' dir='ltr'><strong>Venerem</strong></span> <span class='ocrx_word' id='word_1_218' title='bbox 1298 2975 1564 3034; x_wconf 83' lang='lat' dir='ltr'><strong>Saturnia</strong></span> <span class='ocrx_word' id='word_1_219' title='bbox 1590 2975 1759 3036; x_wconf 84' lang='lat' dir='ltr'><strong>dictis</strong></span> <span class='ocrx_word' id='word_1_220' title='bbox 1783 2995 1797 3033; x_wconf 94' lang='lat'>:</span> 
     </span>
    </p>
   </div>
   <div class='ocr_carea' id='block_1_3' title="bbox 239 3050 2158 3268">
    <p class='ocr_par' dir='ltr' id='par_1_24' title="bbox 239 3050 2158 3268">
     <span class='ocr_line' id='line_1_36' title="bbox 239 3050 2158 3130; baseline 0 -19"><span class='ocrx_word' id='word_1_221' title='bbox 239 3120 250 3127; x_wconf 78' lang='lat'><em>,</em></span> <span class='ocrx_word' id='word_1_222' title='bbox 359 3053 671 3130; x_wconf 67' lang='lat' dir='ltr'><strong>Egregium</strong></span> <span class='ocrx_word' id='word_1_223' title='bbox 696 3050 834 3112; x_wconf 70' lang='lat' dir='ltr'><strong>vero</strong></span> <span class='ocrx_word' id='word_1_224' title='bbox 862 3053 1092 3111; x_wconf 91' lang='lat' dir='ltr'><strong>laudem</strong></span> <span class='ocrx_word' id='word_1_225' title='bbox 1121 3062 1180 3112; x_wconf 90' lang='lat' dir='ltr'><strong>et</strong></span> <span class='ocrx_word' id='word_1_226' title='bbox 1204 3053 1393 3130; x_wconf 77' lang='lat' dir='ltr'><strong>spolia</strong></span> <span class='ocrx_word' id='word_1_227' title='bbox 1419 3053 1610 3130; x_wconf 86' lang='lat' dir='ltr'><strong>ampla</strong></span> <span class='ocrx_word' id='word_1_228' title='bbox 1635 3053 1856 3116; x_wconf 77' lang='lat' dir='ltr'><strong>refertis</strong></span> <span class='ocrx_word' id='word_1_229' title='bbox 2153 3121 2158 3126; x_wconf 8' lang='lat' dir='ltr'><strong>q</strong></span> 
     </span>
     <span class='ocr_line' id='line_1_37' title="bbox 359 3131 2085 3268; baseline -0.002 -77"><span class='ocrx_word' id='word_1_230' title='bbox 359 3131 576 3209; x_wconf 87' lang='lat' dir='ltr'><strong>Tuque</strong></span> <span class='ocrx_word' id='word_1_231' title='bbox 599 3150 857 3268; x_wconf 49' lang='lat' dir='ltr'><strong>{perque</strong></span> <span class='ocrx_word' id='word_1_232' title='bbox 883 3139 1037 3205; x_wconf 81' lang='lat' dir='ltr'><strong>tuus,</strong></span> <span class='ocrx_word' id='word_1_233' title='bbox 1063 3151 1339 3208; x_wconf 83' lang='lat' dir='ltr'><strong>magnum</strong></span> <span class='ocrx_word' id='word_1_234' title='bbox 1367 3139 1426 3190; x_wconf 88' lang='lat' dir='ltr'><strong>et</strong></span> <span class='ocrx_word' id='word_1_235' title='bbox 1452 3131 1825 3191; x_wconf 86' lang='lat' dir='ltr'><strong>memorabile</strong></span> <span class='ocrx_word' id='word_1_236' title='bbox 1850 3146 2085 3233; x_wconf 73' lang='lat' dir='ltr'><strong>nomen,</strong></span> 
     </span>
    </p>
   </div>
   <div class='ocr_carea' id='block_1_4' title="bbox 277 3197 2078 3834">
    <p class='ocr_par' dir='ltr' id='par_1_25' title="bbox 360 3197 1821 3269">
     <span class='ocr_line' id='line_1_38' title="bbox 360 3197 1821 3269; baseline -0.003 0"><span class='ocrx_word' id='word_1_237' title='bbox 360 3197 498 3269; x_wconf 84' lang='lat' dir='ltr'><strong>Una</strong></span> <span class='ocrx_word' id='word_1_238' title='bbox 523 3211 597 3268; x_wconf 89' lang='lat' dir='ltr'><strong>do</strong></span> <span class='ocrx_word' id='word_1_239' title='bbox 681 3209 879 3267; x_wconf 89' lang='lat' dir='ltr'><strong>divum</strong></span> <span class='ocrx_word' id='word_1_240' title='bbox 905 3210 955 3267; x_wconf 89' lang='lat' dir='ltr'><strong>si</strong></span> <span class='ocrx_word' id='word_1_241' title='bbox 981 3209 1220 3268; x_wconf 85' lang='lat' dir='ltr'><strong>foemina</strong></span> <span class='ocrx_word' id='word_1_242' title='bbox 1244 3211 1400 3269; x_wconf 86' lang='lat' dir='ltr'><strong>victa</strong></span> <span class='ocrx_word' id='word_1_243' title='bbox 1426 3210 1670 3268; x_wconf 88' lang='lat' dir='ltr'><strong>duorum</strong></span> <span class='ocrx_word' id='word_1_244' title='bbox 1699 3209 1821 3266; x_wconf 87' lang='lat' dir='ltr'><strong>est!</strong></span> 
     </span>
    </p>

    <p class='ocr_par' dir='ltr' id='par_1_26' title="bbox 358 3285 1784 3443">
     <span class='ocr_line' id='line_1_39' title="bbox 358 3285 1784 3361; baseline -0.003 -15"><span class='ocrx_word' id='word_1_245' title='bbox 358 3287 491 3346; x_wconf 88' lang='lat' dir='ltr'><strong>Nec</strong></span> <span class='ocrx_word' id='word_1_246' title='bbox 519 3306 612 3346; x_wconf 90' lang='lat' dir='ltr'><strong>me</strong></span> <span class='ocrx_word' id='word_1_247' title='bbox 641 3285 785 3345; x_wconf 74' lang='lat' dir='ltr'><strong>adeo</strong></span> <span class='ocrx_word' id='word_1_248' title='bbox 812 3286 958 3346; x_wconf 84' lang='lat' dir='ltr'><strong>fallit</strong></span> <span class='ocrx_word' id='word_1_249' title='bbox 981 3288 1222 3346; x_wconf 85' lang='lat' dir='ltr'><strong>veritam</strong></span> <span class='ocrx_word' id='word_1_250' title='bbox 1249 3296 1307 3346; x_wconf 88' lang='lat' dir='ltr'><strong>te</strong></span> <span class='ocrx_word' id='word_1_251' title='bbox 1334 3288 1549 3346; x_wconf 87' lang='lat' dir='ltr'><strong>moenia</strong></span> <span class='ocrx_word' id='word_1_252' title='bbox 1574 3293 1784 3361; x_wconf 83' lang='lat' dir='ltr'><strong>nostra,</strong></span> 
     </span>
     <span class='ocr_line' id='line_1_40' title="bbox 363 3363 1768 3443; baseline -0.002 -20"><span class='ocrx_word' id='word_1_253' title='bbox 363 3365 670 3442; x_wconf 88' lang='lat' dir='ltr'><strong>Suspectas</strong></span> <span class='ocrx_word' id='word_1_254' title='bbox 697 3365 969 3425; x_wconf 86' lang='lat' dir='ltr'><strong>habuisse</strong></span> <span class='ocrx_word' id='word_1_255' title='bbox 997 3367 1201 3425; x_wconf 88' lang='lat' dir='ltr'><strong>domos</strong></span> <span class='ocrx_word' id='word_1_256' title='bbox 1228 3363 1592 3443; x_wconf 85' lang='lat' dir='ltr'><strong>Carthaginis</strong></span> <span class='ocrx_word' id='word_1_257' title='bbox 1621 3364 1768 3422; x_wconf 79' lang='lat' dir='ltr'><strong>altae.</strong></span> 
     </span>
    </p>

    <p class='ocr_par' dir='ltr' id='par_1_27' title="bbox 297 3440 2078 3599">
     <span class='ocr_line' id='line_1_41' title="bbox 297 3440 2078 3522; baseline -0.001 -21"><span class='ocrx_word' id='word_1_258' title='bbox 297 3465 304 3470; x_wconf 89' lang='lat'><strong>·</strong></span> <span class='ocrx_word' id='word_1_259' title='bbox 363 3443 481 3501; x_wconf 89' lang='lat' dir='ltr'><strong>Sed</strong></span> <span class='ocrx_word' id='word_1_260' title='bbox 509 3444 638 3520; x_wconf 89' lang='lat' dir='ltr'><strong>quis</strong></span> <span class='ocrx_word' id='word_1_261' title='bbox 665 3444 773 3502; x_wconf 91' lang='lat' dir='ltr'><strong>erit</strong></span> <span class='ocrx_word' id='word_1_262' title='bbox 797 3446 1048 3504; x_wconf 85' lang='lat' dir='ltr'><strong>modus?</strong></span> <span class='ocrx_word' id='word_1_263' title='bbox 1091 3453 1190 3504; x_wconf 84' lang='lat' dir='ltr'><strong>aut</strong></span> <span class='ocrx_word' id='word_1_264' title='bbox 1216 3442 1329 3522; x_wconf 72' lang='lat' dir='ltr'><strong>quo</strong></span> <span class='ocrx_word' id='word_1_265' title='bbox 1357 3463 1513 3502; x_wconf 89' lang='lat' dir='ltr'><strong>nunc</strong></span> <span class='ocrx_word' id='word_1_266' title='bbox 1540 3440 1854 3500; x_wconf 84' lang='lat' dir='ltr'><strong>certamina</strong></span> <span class='ocrx_word' id='word_1_267' title='bbox 1876 3441 2078 3499; x_wconf 84' lang='lat' dir='ltr'><strong>tanta?</strong></span> 
     </span>
     <span class='ocr_line' id='line_1_42' title="bbox 362 3518 1983 3599; baseline -0.002 -18"><span class='ocrx_word' id='word_1_268' title='bbox 362 3521 523 3592; x_wconf 78' lang='lat' dir='ltr'><strong>Quin</strong></span> <span class='ocrx_word' id='word_1_269' title='bbox 550 3518 742 3598; x_wconf 73' lang='lat' dir='ltr'><strong>potius</strong></span> <span class='ocrx_word' id='word_1_270' title='bbox 768 3542 974 3599; x_wconf 80' lang='lat' dir='ltr'><strong>pacem</strong></span> <span class='ocrx_word' id='word_1_271' title='bbox 1004 3531 1275 3581; x_wconf 68' lang='lat' dir='ltr'><strong>aeternam</strong></span> <span class='ocrx_word' id='word_1_272' title='bbox 1303 3529 1618 3599; x_wconf 82' lang='lat' dir='ltr'><strong>pactosque</strong></span> <span class='ocrx_word' id='word_1_273' title='bbox 1643 3519 1983 3596; x_wconf 77' lang='lat' dir='ltr'><strong>hymenaeos</strong></span> 
     </span>
    </p>

    <p class='ocr_par' dir='ltr' id='par_1_28' title="bbox 277 3595 1809 3678">
     <span class='ocr_line' id='line_1_43' title="bbox 277 3595 1809 3678; baseline -0.002 -20"><span class='ocrx_word' id='word_1_274' title='bbox 277 3640 281 3644; x_wconf 64' lang='grc'><strong><em>«</em></strong></span> <span class='ocrx_word' id='word_1_275' title='bbox 362 3595 770 3658; x_wconf 85' lang='lat' dir='ltr'><strong>Exercemus?</strong></span> <span class='ocrx_word' id='word_1_276' title='bbox 817 3599 999 3659; x_wconf 83' lang='lat' dir='ltr'><strong>habes</strong></span> <span class='ocrx_word' id='word_1_277' title='bbox 1025 3601 1144 3660; x_wconf 71' lang='lat' dir='ltr'><strong>tota</strong></span> <span class='ocrx_word' id='word_1_278' title='bbox 1171 3601 1326 3677; x_wconf 87' lang='lat' dir='ltr'><strong>quod</strong></span> <span class='ocrx_word' id='word_1_279' title='bbox 1355 3607 1550 3657; x_wconf 88' lang='lat' dir='ltr'><strong>mente</strong></span> <span class='ocrx_word' id='word_1_280' title='bbox 1575 3595 1809 3678; x_wconf 82' lang='lat' dir='ltr'><strong>petisti:</strong></span> 
     </span>
    </p>

    <p class='ocr_par' dir='ltr' id='par_1_29' title="bbox 361 3676 2074 3834">
     <span class='ocr_line' id='line_1_44' title="bbox 361 3676 1864 3755; baseline -0.001 -19"><span class='ocrx_word' id='word_1_281' title='bbox 361 3679 546 3736; x_wconf 89' lang='lat' dir='ltr'><strong>Ardet</strong></span> <span class='ocrx_word' id='word_1_282' title='bbox 571 3697 767 3737; x_wconf 81' lang='lat' dir='ltr'><strong>amans</strong></span> <span class='ocrx_word' id='word_1_283' title='bbox 793 3679 972 3753; x_wconf 86' lang='lat' dir='ltr'><strong>Dido,</strong></span> <span class='ocrx_word' id='word_1_284' title='bbox 999 3679 1285 3755; x_wconf 83' lang='lat' dir='ltr'><strong>traxitque</strong></span> <span class='ocrx_word' id='word_1_285' title='bbox 1309 3697 1418 3753; x_wconf 86' lang='lat' dir='ltr'><strong>per</strong></span> <span class='ocrx_word' id='word_1_286' title='bbox 1444 3695 1574 3734; x_wconf 86' lang='lat' dir='ltr'><strong>ossa</strong></span> <span class='ocrx_word' id='word_1_287' title='bbox 1597 3676 1864 3736; x_wconf 82' lang='lat' dir='ltr'><strong>furorem.</strong></span> 
     </span>
     <span class='ocr_line' id='line_1_45' title="bbox 363 3753 2074 3834; baseline -0.002 -18"><span class='ocrx_word' id='word_1_288' title='bbox 363 3756 756 3817; x_wconf 87' lang='lat' dir='ltr'><strong>Communem</strong></span> <span class='ocrx_word' id='word_1_289' title='bbox 783 3756 941 3813; x_wconf 88' lang='lat' dir='ltr'><strong>hunc</strong></span> <span class='ocrx_word' id='word_1_290' title='bbox 971 3774 1105 3831; x_wconf 83' lang='lat' dir='ltr'><strong>ergo</strong></span> <span class='ocrx_word' id='word_1_291' title='bbox 1131 3755 1410 3832; x_wconf 87' lang='lat' dir='ltr'><strong>populum</strong></span> <span class='ocrx_word' id='word_1_292' title='bbox 1436 3753 1783 3834; x_wconf 85' lang='lat' dir='ltr'><strong>paribusque</strong></span> <span class='ocrx_word' id='word_1_293' title='bbox 1810 3772 2074 3832; x_wconf 83' lang='lat' dir='ltr'><strong>regamus</strong></span> 
     </span>
    </p>
   </div>
   <div class='ocr_carea' id='block_1_5' title="bbox 2228 881 2319 941">
    <p class='ocr_par' dir='ltr' id='par_1_30' title="bbox 2228 881 2319 941">
     <span class='ocr_line' id='line_1_46' title="bbox 2228 881 2319 941; baseline 0.044 -4"><span class='ocrx_word' id='word_1_294' title='bbox 2228 881 2319 941; x_wconf 78' lang='lat'><strong>-66</strong></span> 
     </span>
    </p>
   </div>
   <div class='ocr_carea' id='block_1_6' title="bbox 2238 1268 2319 1324">
    <p class='ocr_par' dir='ltr' id='par_1_31' title="bbox 2238 1268 2319 1324">
     <span class='ocr_line' id='line_1_47' title="bbox 2238 1268 2319 1324; baseline -0.012 0"><span class='ocrx_word' id='word_1_295' title='bbox 2238 1268 2319 1324; x_wconf 74' lang='lat'><strong>70</strong></span> 
     </span>
    </p>
   </div>
   <div class='ocr_carea' id='block_1_7' title="bbox 2239 1654 2318 1708">
    <p class='ocr_par' dir='ltr' id='par_1_32' title="bbox 2239 1654 2318 1708">
     <span class='ocr_line' id='line_1_48' title="bbox 2239 1654 2318 1708; baseline 0 0"><span class='ocrx_word' id='word_1_296' title='bbox 2239 1654 2318 1708; x_wconf 74' lang='lat'><strong>⁷5</strong></span> 
     </span>
    </p>
   </div>
   <div class='ocr_carea' id='block_1_8' title="bbox 2243 3210 2322 3265">
    <p class='ocr_par' dir='ltr' id='par_1_33' title="bbox 2243 3210 2322 3265">
     <span class='ocr_line' id='line_1_49' title="bbox 2243 3210 2322 3265; baseline 0 0"><span class='ocrx_word' id='word_1_297' title='bbox 2243 3210 2322 3265; x_wconf 79' lang='lat'><strong>95</strong></span> 
     </span>
    </p>
   </div>
   <div class='ocr_carea' id='block_1_9' title="bbox 2208 3600 2415 3655">
    <p class='ocr_par' dir='ltr' id='par_1_34' title="bbox 2208 3600 2415 3655">
     <span class='ocr_line' id='line_1_50' title="bbox 2208 3600 2415 3655; baseline 0 0"><span class='ocrx_word' id='word_1_298' title='bbox 2208 3600 2415 3655; x_wconf 82' lang='lat'><strong>100-</strong></span> 
     </span>
    </p>
   </div>
  </div>
 </body>
</html>
