2717 4300
1142 308 1149 315 -
1189 282 1423 345 Linea
1460 284 1564 339 111.
1850 282 1854 287 ·
2001 260 2006 269 ’
2287 289 2356 345 οι

397 433 552 494 Solis
580 431 651 492 ad
680 451 966 506 occasum,
995 432 1441 510 quum‘srigidus
1470 437 1604 491 aera
1629 454 1838 513 vesper

394 515 728 590 Temperat,
759 520 818 570 et
843 512 1020 569 saltus
1048 512 1232 583 reficit
1248 515 1375 591 jam
1403 514 1626 570 roscida
1651 513 1810 590 luna,
1919 556 1924 565 ,

396 592 732 667 Litteraque
761 588 1061 667 alcyonem
1089 599 1377 664 resonant,
1407 590 1769 653 acalanthida
1794 590 1974 651 dumi.

480 670 638 741 Quid
664 668 770 728 tibi
796 678 1055 746 pastores
1083 669 1310 745 Libyae,
1339 669 1479 745 quid
1503 690 1718 747 pascua
1743 690 1914 729 versu
2179 720 2186 725 .

396 749 740 827 Prosequar,
769 756 829 806 et
854 748 992 806 raris
1020 748 1274 805 habitata
1300 748 1547 824 mapalia
1573 749 1780 807 tectis?
2239 753 2357 809 340

401 827 571 907 Saepe
601 830 754 886 diem
784 837 1148 902 noctemque,
1177 836 1236 884 et
1261 835 1445 885 totum
1473 846 1549 884 ex
1577 827 1775 885 ordine
1803 846 2083 904 mensem,

399 908 664 967 Pascitur
690 908 845 984 itque
871 925 1050 983 pecus
1077 905 1249 980 longa
1276 906 1334 963 in
1366 907 1591 963 deserta
1616 907 1741 963 sine
1769 905 1901 963 ullis
1967 962 1972 967 ,

405 986 729 1064 Hospitiisz
772 982 994 1043 tantum
1022 985 1210 1060 campi
1227 986 1419 1061 jacet!
1466 983 1679 1042 Omnia
1703 1003 1901 1045 secum

398 1065 794 1125 Armentarius
821 1063 961 1121 Aser
988 1064 1122 1138 agit,
1153 1066 1505 1138 tectumque,
1533 1063 1846 1140 laremque,

399 1148 711 1220 Armaque,
741 1141 1227 1218 Amyclaeumque
1247 1161 1471 1214 canem,
1502 1141 1882 1218 Cressamque
1909 1140 2251 1220 pharetram.

399 1224 539 1281 Non
558 1219 728 1279 secus
758 1241 823 1279 ac
849 1220 1048 1297 patriis
1075 1239 1204 1277 acer
1230 1220 1531 1276 Romanus
1558 1220 1618 1276 iu
1646 1221 1816 1277 armis
2243 1223 2356 1277 346

402 1302 622 1379 Injusto
650 1299 755 1357 sub
782 1300 938 1357 fasce
968 1299 1121 1356 viam
1143 1317 1321 1374 quum
1349 1298 1549 1374 carpit,
1579 1306 1637 1355 et
1662 1297 1815 1355 hosti

398 1383 554 1439 Ante
583 1386 979 1456 exspectatum
1004 1377 1206 1452 positis
1234 1383 1345 1434 stat
1371 1377 1430 1432 in
1461 1375 1688 1451 agmine
1716 1376 1931 1455 castris.

481 1461 560 1515 At
586 1477 700 1514 non
720 1456 842 1533 *qua
864 1455 1125 1531 Scythice
1154 1456 1379 1531 gentes,
1408 1454 1763 1531 Maeotiaque
1791 1455 1966 1531 unda,

348 1532 352 1536 Α
400 1536 693 1597 Turbidus
723 1546 782 1594 et
807 1544 1075 1612 torquens
1100 1534 1379 1591 flaventes
1410 1533 1557 1592 Ister
1575 1552 1804 1609 arenas,
2101 1572 2110 1577 -
2242 1537 2359 1590 350

403 1615 651 1692 Quaque
680 1614 828 1672 redit
853 1613 1106 1670 medium
1134 1613 1423 1691 Rhodope
1449 1621 1712 1689 porrecta
1736 1613 1842 1671 sub
1872 1631 2059 1677 axem.

403 1695 531 1752 Illic
560 1694 758 1751 clausa
781 1700 982 1751 tenent
1006 1691 1243 1750 stabulis
1284 1700 1575 1764 armenta;
1617 1711 1806 1769 neque
1834 1692 1970 1749 ullae

401 1777 528 1831 Aut
551 1771 746 1829 herbae
775 1790 981 1846 campo
1011 1781 1303 1848 apparent,
1334 1769 1660 1845 autlarbore
1687 1771 1950 1839 frondes:

405 1851 521 1908 Sed
542 1853 702 1929 jacet
729 1849 1030 1926 aggeribus
1058 1850 1242 1908 niveis
1271 1849 1531 1908 informis
1560 1858 1627 1906 et·
1645 1849 1759 1908 alto

405 1926 588 1987 Terra
614 1929 746 2004 gelu
775 1925 911 2003 late,
939 1936 1277 2005 septemque
1306 1929 1551 2002 assurgit
1577 1927 1636 1985 in
1664 1928 1865 2002 ulnas;
2248 1929 2364 1983 355

406 2008 651 2084 Semper
678 2006 886 2080 hiemS,
915 2026 1146 2083 semper
1171 2008 1451 2084 spirantes
1479 2006 1687 2083 frigora
1714 2007 1890 2066 cauri.
1977 2058 1982 2063 .

403 2086 560 2143 Tum
592 2085 690 2144 Sol
716 2085 996 2164 pallentes
1024 2085 1181 2144 haud
1209 2084 1475 2163 unquam]
1489 2085 1723 2146 discutit
1749 2086 2016 2160 umbras;

403 2165 536 2224 Nec
565 2185 744 2242 quum
772 2165 1033 2223 invectus
1055 2166 1218 2241 equis
1246 2165 1422 2223 altum
1448 2165 1593 2241 petit
1620 2166 1854 2241 aethera,
1882 2185 1992 2224 nec
2019 2182 2196 2241 quum

402 2243 769 2321 Praecipitem
800 2243 1021 2302 Oceani
1047 2237 1223 2301 rubro'
1247 2244 1387 2304 latrit
1413 2262 1640 2318 aequore
1669 2263 1918 2301 currum.

403 2324 800 2381 Concrescunt
825 2323 1028 2380 subitae
1058 2322 1308 2380 currenti
1335 2322 1396 2379 in
1423 2321 1664 2380 flumine
1691 2331 1919 2397 crustae,
2249 2326 2365 2379 360

404 2401 692 2479 Undaque
712 2405 837 2480 jam
866 2410 1024 2477 tergo
1050 2401 1287 2461 ferratos
1316 2401 1562 2459 sustinet
1588 2401 1775 2474 orbeS‚

403 2480 703 2557 Puppibus
730 2480 831 2538 illa
854 2477 1013 2572 prius
1038 2481 1267 2556 patuliS‚
1297 2500 1453 2538 nunc
1481 2479 1707 2556 hospita
1732 2479 2036 2556 plaustris:

404 2558 665 2635 AEraque
690 2559 980 2617 dissiliunt
1010 2556 1203 2635 vulgo,
1232 2568 1540 2636 vestesque
1569 2557 1862 2634 rigescunt
1927 2583 1931 2588 ·

406 2637 652 2713 Indutae,
681 2635 1027 2713 coeduntq'ue
1050 2637 1345 2703 securibus
1374 2638 1613 2697 humida
1636 2636 1791 2713 vina,

405 2715 485 2774 Et
511 2725 645 2774 totae
674 2716 913 2774 solidam
942 2716 1003 2776 in
1029 2716 1274 2792 glaciem
1301 2716 1527 2776 vertere
1554 2716 1800 2792 lacunae,
2252 2719 2369 2774 365

409 2795 695 2872 Stiriaque
720 2795 968 2872 impexis
997 2795 1252 2854 induruit
1276 2795 1507 2854 horrida
1531 2794 1740 2858 barbis.

407 2873 636 2932 Interea
662 2882 778 2933 toto
806 2893 922 2932 non
948 2870 1136 2932 secius
1165 2878 1298 2933 aere
1325 2869 1543 2950 ningit:

404 2952 707 3011 Intereunt
733 2953 1022 3030 pecudes;
1065 2961 1218 3012 stant
1243 2954 1591 3012 circumfusa
1616 2953 1835 3029 pruinis
1883 2999 1886 3002 -

407 3031 662 3108 Corpora
688 3052 906 3107 magna·
922 3031 1132 3103 boum3
1177 3032 1549 3108 confertoque
1578 3032 1807 3107 agmine
1835 3031 1993 3091 cervi

407 3109 666 3186 Torpent
692 3110 845 3168 mole
872 3111 1043 3184 nova,
1075 3118 1131 3167 et
1158 3110 1399 3168 summis
1424 3111 1526 3168 vix
1552 3111 1822 3170 cornibus
1851 3117 2099 3170 exstant.
2256 3109 2373 3165 370

407 3189 534 3246 Hos
562 3209 677 3246 non
705 3189 981 3248 immissis
1007 3188 1268 3262 canibus,
1297 3209 1414 3247 non
1442 3189 1699 3261 cassibus
1715 3189 1873 3265 -ullis,

405 3266 753 3325 Puniceaeve
783 3267 1263 3344 agitantpavidos
1289 3266 1595 3344 formidine
1621 3268 1854 3345 pinnae3

410 3346 525 3403 sed
553 3346 759 3404 frustra
784 3348 1109 3424 oppositum
1141 3346 1439 3413 trudentes
1465 3354 1699 3424 pectore
1727 3355 1986 3403 montem

406 3425 750 3483 Comminus
778 3425 1122 3485 obtruncant
1147 3424 1317 3499 ferro,
1345 3426 1708 3500 graviterque
1736 3424 2010 3483 rudentes

405 3504 677 3580 Credunt,
708 3513 767 3563 et
787 3525 996 3581 magno
1023 3504 1143 3563 laeti
1171 3503 1421 3561 clamore
1449 3511 1754 3581 reportant.
1892 3539 1898 3556 π
2085 3551 2090 3556 ,
2256 3503 2374 3559 375

485 3583 606 3660 Ipsi
631 3584 692 3642 in
720 3583 965 3643 defossis
995 3581 1280 3661 specubus
1308 3602 1516 3644 secura
1540 3581 1646 3640 sub
1675 3582 1789 3642 alta

406 3662 540 3720 Otia
569 3671 748 3738 agunt
774 3663 943 3737 terra,
973 3661 1358 3739 congestaque
1387 3661 1608 3736 robora,
1637 3671 1900 3741 totasque

405 3740 733 3800 Advolvere
762 3741 905 3808 focis
931 3741 1139 3816 ulmos,
1169 3742 1405 3818 ignique
1434 3738 1666 3813 dedere.

407 3818 523 3878 Hic
551 3829 784 3957 noctegn
812 3821 955 3878 ludo.
978 3822 1216 3897 ducunt,
1246 3830 1305 3880 et
1327 3821 1537 3899 pocula
1561 3821 1682 3879 laeti
