2717 4300
352 302 458 361 1¹7⁰
1159 301 1522 359 AENEIDOS

348 453 516 528 Tr'os,
546 453 643 528 ait,
671 450 910 509 AEnea?
956 454 1190 509 cessas?
1234 470 1424 526 neque
1453 449 1608 507 enim
1637 446 1770 508 ante
1800 450 2106 512 dehiscent

344 532 622 589 Attonitae
653 549 862 604 magna
887 548 987 585 ora
1013 529 1233 585 domus·
1318 529 1402 585 Et
1427 528 1564 585 talia
1588 527 1722 603 fata,

346 609 660 666 Conticuit.
745 606 988 664 Gelidus
1017 607 1261 683 Teucris
1286 625 1392 682 pcr
1412 607 1554 663 dura
1580 607 1829 665 cucurrit

347 687 495 746 Ossa
520 695 730 744 tremor
752 705 768 752 ;
809 684 1112 759 funditque
1137 703 1339 760 preces
1368 703 1472 741 rex
1496 692 1728 759 pectore
1757 684 1828 742 ab
1855 684 2008 743 imo:

423 763 665 838 Phoebe,
693 781 895 838 graves
923 763 1117 820 Tro'ae
1145 781 1374 839 semper
1400 763 1667 819 miserate
1694 761 1941 840 labores,

343 836 615 899 Dardana
643 841 742 918 qui
768 840 995 898 Paridis
1023 783 1232 899 direxti
1258 840 1376 897 tela
1401 859 1719 916 manusque

344 921 568 996 Corpus
595 920 653 977 in
682 918 966 993 AEacidae,
996 938 1231 994 magnas
1258 917 1533 976 obeuntia
1559 926 1734 976 terras

344 997 459 1055 Tot
484 998 664 1055 maria
688 996 915 1073 intravi,
943 995 1090 1054 duce
1118 1006 1195 1072 te,
1215 994 1572 1073 *penitusque
1599 993 1857 1073 repfistas

341 1075 668 1152 Massylum
695 1082 917 1151 gentes,
943 1082 1348 1152 praetentaque,
1379 1074 1639 1151 Syrtibus
1667 1094 1835 1149 arva3

339 1154 470 1212 Jam
498 1154 730 1211 tandem
758 1152 941 1211 Italiae
966 1152 1237 1229 fugientis
1262 1153 1603 1230 prendimus
1630 1172 1757 1213 oras
1780 1173 1795 1212 τ

349 1231 476 1289 Hac
504 1231 758 1321 Trojana
784 1240 953 1288 tenus
979 1230 1154 1289 fuerit
1177 1231 1405 1289 fortuna
1430 1239 1646 1290 secuta.

351 1306 467 1366 Vos
494 1329 728 1386 quoque
755 1308 1090 1385 Pergameae
1102 1311 1230 1388 jam
1256 1310 1343 1368 fas
1371 1318 1460 1369 est
1483 1329 1720 1387 parcere
1747 1309 1926 1386 genti,

347 1386 539 1464 Dique
567 1389 810 1464 deaeque
838 1406 1040 1446 omnes
1068 1387 1279 1465 quibus
1307 1387 1528 1446 obstitit
1556 1388 1748 1464 Ilium,
1778 1396 1837 1446 et
1865 1388 2072 1465 ingens

342 1466 543 1523 Gloria
568 1465 899 1524 Dardaniae.
982 1465 1212 1543 Tuque,
1236 1486 1271 1523 o
1298 1467 1662 1524 sanctissima
1685 1475 1869 1542 vates,

340 1542 595 1602 Praescia
620 1543 868 1614 venturi,
897 1543 989 1619 da,
1019 1563 1132 1603 non
1160 1544 1421 1603 indebita
1485 1563 1621 1602 osco

341 1621 551 1697 Regna
576 1621 722 1680 meis
747 1621 897 1695 fatis,
926 1621 1093 1679 Latio
1121 1622 1421 1680 considere
1508 1641 1729 1697 eucros,

341 1699 730 1775 Errantesque
756 1699 920 1774 deoS,
949 1700 1100 1776 agita
1197 1719 1272 1757 ue
1300 1701 1540 1758 numina
1565 1700 1779 1779 Trojae.
1812 1734 1819 1741 ·

341 1770 496 1835 Tum
522 1775 749 1837 Phoebo
777 1786 836 1836 et
861 1776 1077 1835 Triviae
1107 1797 1171 1836 so
1195 1778 1291 1836 ido
1319 1780 1394 1837 de
1421 1798 1704 1838 marmore
1731 1776 2014 1857 templum

342 1854 666 1931 Instituam,
689 1854 980 1932 festosque
1008 1856 1132 1914 dies
1157 1858 1233 1915 de
1260 1859 1497 1915 nomine
1523 1857 1751 1916 Phoebi.
1936 1916 1953 1923 ,

339 1932 431 1990 Tc
459 1952 690 2011 quoque
719 1952 929 2010 magna
953 1943 1191 1994 manent
1215 1937 1408 2012 regnis
1431 1936 1751 2014 penetralia
1774 1935 2015 2004 nostris:

339 2010 460 2070 fflc
489 2031 596 2088 ego
625 2032 875 2089 namque
902 2021 1029 2072 tuas
1058 2022 1258 2085 sortes,
1287 2033 1611 2091 arcanaque
1637 2014 1773 2073 fata.

338 2089 513 2150 Dicta
539 2110 686 2150 meae
714 2091 893 2169 genti,
919 2111 1153 2184 ponam,
1175 2091 1472 2170 lectosque
1500 2092 1755 2170 sacrabo,

336 2170 530 2245 Alma,
558 2170 728 2229 viros.
812 2169 994 2232 Fohis
1020 2169 1244 2231 tantum
1272 2169 1347 2230 ne
1377 2173 1633 2231 carmina
1658 2166 1887 2249 manda,

245 2277 251 2281 ·
336 2247 435 2307 Ne
461 2248 687 2307 turbata
711 2248 911 2309 volent
936 2249 1148 2327 rapidis
1174 2251 1424 2310 ludibria
1446 2252 1636 2312 ventis
1660 2272 1675 2310 ε

339 2325 474 2404 Ipsa
499 2347 692 2403 canas,
720 2348 838 2406 oro.
921 2328 1133 2408 Finem
1155 2330 1321 2390 dedit
1346 2351 1446 2389 ore
1471 2330 1766 2408 loquendi.

414 2406 511 2480 At,
540 2406 750 2466 Phoebi
776 2408 1036 2466 nondum
1061 2409 1305 2485 patiens,
1333 2408 1602 2467 immanis
1628 2408 1691 2465 in
1720 2416 1882 2468 antro

335 2477 664 2543 Bacchatur
688 2494 869 2561 vateS‚
897 2506 1169 2562 magnum
1196 2488 1247 2545 si
1271 2495 1510 2582 pectore
1534 2487 1717 2564 possit

336 2561 686 2622 Excussisse
714 2565 925 2622 deum:
967 2562 1126 2623 tanto
1151 2584 1340 2640 magis
1367 2565 1467 2623 ille
1493 2564 1707 2641 fatigat

337 2639 421 2698 Os
449 2641 730 2717 rabidum,
758 2642 881 2700 fera
904 2642 1078 2699 corda
1103 2643 1367 2717 domans,
1396 2642 1675 2719 fingitque
1701 2643 2040 2720 premendo.

337 2716 502 2776 Ostia
519 2721 758 2796 jamque
786 2719 993 2778 domus
1019 2718 1260 2797 patuere
1287 2720 1546 2797 ingentia
1571 2729 1806 2780 centum

338 2796 560 2873 Sponte
588 2799 713 2874 sua,
740 2798 1004 2875 vatisque
1030 2797 1223 2857 serunt
1248 2818 1524 2877 responsa
1547 2819 1655 2877 per
1681 2820 1882 2860 auras:

338 2874 390 2933 O
419 2877 655 2934 tandem
684 2877 909 2953 magnis
935 2876 1126 2954 pelagi
1154 2878 1428 2950 defuncte
1448 2879 1709 2957 periclis!

338 2954 457 3012 Sed
482 2956 631 3014 terra
659 2956 920 3033 graviora
945 2965 1198 3015 manent.
1284 2956 1353 3016 In
1383 2976 1560 3031 regna
1585 2957 1795 3018 Lavini

333 3033 687 3093 Dardanidae
712 3034 970 3110 venient,
998 3036 1162 3095 mitte
1189 3035 1343 3096 hanc
1371 3037 1445 3095 de
1471 3046 1705 3114 pectore
1732 3054 1966 3108 curam3

338 3112 459 3171 Sed
484 3134 601 3173 non
631 3122 690 3172 et
713 3113 945 3172 venisse
972 3115 1201 3173 volent:
1243 3114 1419 3191 bella,
1447 3116 1679 3175 horrida
1703 3115 1877 3190 bella,

334 3192 418 3250 Et
445 3193 687 3270 Tybrim
716 3193 897 3251 multo
926 3202 1291 3270 spumantem
1321 3195 1603 3271 sanguine
1631 3213 1822 3254 cerno·

332 3270 472 3329 Non
505 3273 717 3331 Simois
745 3269 870 3348 tibi,
896 3291 1007 3330 nec
1035 3272 1327 3348 Xanthus,
1356 3293 1468 3332 nec
1497 3273 1717 3331 Dorica
1744 3279 1947 3346 castra,

332 3345 679 3409 Defuerint:
724 3350 869 3410 alius
897 3351 1064 3410 Latio
1083 3354 1210 3431 jam
1235 3360 1436 3429 partus
1465 3350 1747 3426 Achilles,

332 3424 524 3486 Natus
552 3437 612 3487 et
636 3430 657 3486 i
702 3449 764 3488 se
793 3430 942 3503 dea;
983 3450 1095 3490 nec
1122 3430 1368 3489 Teucris
1397 3429 1590 3498 addita
1611 3428 1765 3500 Juno

333 3501 598 3582 Usquam
626 3449 823 3566 aflerit.
908 3509 1110 3580 Quum
1136 3518 1198 3569 tu
1225 3509 1495 3586 supplex,
1521 3507 1584 3565 in
1609 3507 1780 3567 rebus
1808 3507 2028 3584 egenis,

336 3584 501 3656 Quas
528 3592 733 3662 gentes
761 3585 993 3662 Italum,
1023 3596 1123 3648 aut
1148 3608 1290 3665 quas
1316 3607 1433 3646 non
1462 3587 1712 3644 oraveris
1736 3585 1945 3650 urbes!

334 3663 531 3723 Causa
555 3663 695 3722 mali
720 3664 865 3723 tanti
891 3668 1110 3724 con‘ux
1135 3666 1366 3743 iterum,
1393 3664 1622 3743 hospita
1648 3664 1915 3743 Teucris,

335 3740 702 3821 Externique
730 3741 940 3800 iterum
1034 3745 1221 3802 alami.

2233 692 2312 745 55

2228 1082 2309 1134 60

2208 1443 2313 1524 ss

2227 2254 2345 2320 75*

2224 3431 2301 3486 90
