2717 4300
1168 293 1400 353 LIBER.
1435 294 1508 351 V.

366 438 573 513 Qualis
598 437 758 519 πρὸ
786 440 898 499 viae
925 441 1243 521 deprensus
1269 444 1332 501 in
1360 462 1568 520 aggere
1594 461 1852 521 serpens,

361 518 546 577 AErea
570 538 746 597 quem
773 518 1071 596 obliquum
1098 529 1221 579 rota
1240 522 1479 597 transiit,
1509 529 1606 580 aut
1631 523 1819 598 gravis
1845 523 1968 583 ictu

366 596 735 655 Seminecem
762 598 929 675 liquit
954 617 1095 657 saxo
1122 598 1495 673 lacerumque
1523 600 1724 675 viator,

363 674 775 752 Nequidquam
800 676 1005 752 longos
1031 677 1260 754 fugiens
1287 677 1386 736 dat
1412 695 1649 754 corpore
1674 686 1891 752 tortus3

363 753 535 812 Parte
561 753 742 829 ferox,
773 754 1094 831 ardensque
1121 754 1323 831 oculis,
1352 763 1413 814 et
1437 754 1607 813 sibila
1632 755 1783 814 colla
1820 784 1827 791 ·

361 832 593 890 Arduus
622 832 925 909 attollens;
967 852 1098 910 pars
1123 832 1364 892 vulnere
1390 833 1597 891 clauda
1621 842 1869 894 retentat

361 908 426 967 N
427 917 697 968 exantem
722 910 911 986 nodis,
940 930 1119 987 seque
1145 911 1205 968 in
1234 930 1339 969 sua
1367 911 1625 969 membra
1647 912 1996 990 plicantem:

362 987 496 1047 Tali
523 986 764 1065 remigio
789 988 954 1048 navis
981 1008 1045 1048 se
1071 989 1232 1048 tarda
1258 990 1531 1048 movebat
1544 1010 1562 1063 3

361 1064 520 1123 Vela
544 1066 685 1124 facit
709 1074 925 1143 tamen,
953 1075 1014 1126 et
1037 1067 1184 1126 velis
1211 1068 1368 1127 subit
1392 1069 1540 1127 ostia
1603 1067 1771 1128 lenis.

364 1142 695 1220 Sergestum
722 1145 947 1205 AEneas
974 1147 1254 1224 promisso
1282 1166 1523 1205 munere
1590 1155 1746 1224 onat,

364 1220 658 1281 Servatam
686 1222 760 1281 ob
787 1243 995 1283 navem
1024 1225 1193 1297 laetus
1221 1225 1524 1302 sociosque
1551 1227 1835 1285 reductos.

362 1299 482 1357 Olli
508 1320 673 1359 serva
698 1302 865 1361 datur
889 1322 924 1360 o
969 1320 1130 1361 erum
1156 1300 1311 1362 haud
1340 1304 1540 1379 ignara
1564 1303 1871 1379 Minervoe,

362 1377 571 1436 Cressa
595 1398 777 1455 genus
807 1380 935 1439 Pho
959 1384 1051 1457 oe,
1080 1382 1413 1458 geminique
1442 1381 1546 1440 sub
1576 1380 1758 1440 ubere
1785 1380 1923 1440 nati.

438 1456 573 1515 Hoc
598 1457 730 1535 pius
754 1458 980 1517 AEneas
1006 1458 1181 1518 misso
1209 1460 1525 1518 certamine
1550 1457 1738 1518 tendit

360 1533 739 1594 Gramineum
765 1534 826 1594 in
853 1556 1142 1614 campum,
1171 1556 1344 1615 quem
1372 1537 1614 1597 collibus
1643 1538 1900 1615 undique
1925 1535 2117 1598 curvis

358 1612 688 1690 Cingebant
712 1614 907 1689 silvae3
950 1616 1257 1693 mediaque
1282 1618 1343 1675 in
1371 1617 1522 1675 valle
1549 1616 1757 1675 theatri

357 1689 561 1751 Circus
588 1700 727 1769 erat,
755 1690 868 1772 qud
898 1712 961 1753 se
987 1694 1181 1753 multis
1209 1714 1340 1753 cum
1370 1695 1627 1754 millibus
1652 1695 1825 1754 heros

358 1768 649 1829 consessu
678 1771 934 1830 medium
961 1773 1110 1849 tulit,
1140 1781 1546 1850 exstructoque
1573 1774 1803 1833 resedit.

356 1845 475 1906 Hic
502 1850 603 1928 qui
628 1846 772 1908 forte
800 1850 983 1910 velint
1007 1850 1207 1929 rapido
1236 1853 1586 1911 contendere
1614 1850 1785 1911 cursu

358 1925 570 1987 Invitat
593 1928 792 2006 pretiis
820 1928 1062 2005 animos,
1090 1938 1151 1988 et
1173 1931 1416 2008 praemia
1439 1931 1621 2024 ponit.
1644 1996 1649 2003 ,

354 2003 630 2085 Undique
658 2007 1012 2068 conveniunt
1037 2009 1270 2085 Teucri,
1299 2010 1582 2087 mixtique
1612 2009 1843 2069 Sicani:

354 2082 533 2144 Nisus
560 2096 620 2146 et
646 2086 937 2165 Euryalus
960 2087 1165 2165 primi,

352 2163 639 2242 Euryalus
666 2166 847 2225 forma
874 2166 1115 2243 insignis
1141 2166 1426 2243 viridique
1445 2168 1708 2245 juventii,

352 2242 533 2303 Nisus
561 2264 754 2305 amore
777 2245 877 2337 pio
902 2245 1102 2325 pueri:
1145 2264 1292 2322 quos
1319 2245 1531 2303 deinde
1558 2253 1789 2304 secutus

352 2321 573 2399 Regius
601 2324 832 2401 egregla
858 2323 1075 2382 Priami
1100 2324 1177 2382 de
1203 2324 1379 2401 stirpe
1406 2323 1646 2382 Diores:

353 2399 529 2460 Hunc
558 2402 774 2479 Salius,
788 2402 959 2462 simul
988 2409 1048 2461 et
1071 2403 1318 2477 Patron;
1361 2421 1605 2480 quorum
1632 2402 1774 2462 alter
1792 2403 2081 2479 Acarnan,

351 2478 516 2538 Alter
543 2479 612 2538 ab
640 2481 889 2539 Arcadio
918 2480 1187 2557 Tegeaeae
1216 2483 1496 2558 sanguine
1524 2482 1750 2558 gentis:

351 2557 506 2616 Tum
534 2560 649 2617 duo
676 2559 962 2618 Trinacrii
981 2562 1249 2639 juvenes,
1279 2561 1570 2638 Helymus
1598 2560 1999 2639 Panopesque.

353 2638 586 2696 Assueti
613 2637 793 2714 silviS,
821 2639 1060 2699 comites
1087 2640 1329 2699 senioris
1355 2641 1588 2699 Acestae
1612 2659 1627 2698 ι

352 2715 530 2775 Multi
555 2725 835 2794 praeterea
860 2738 1002 2795 quos
1028 2719 1180 2778 fama
1205 2719 1450 2778 obscura
1477 2718 1754 2778 recondit.

349 2794 571 2856 AEneas
600 2795 808 2872 quibus
836 2795 896 2854 in
925 2798 1129 2856 mediis
1156 2798 1239 2857 sic
1266 2798 1478 2856 deinde
1506 2798 1764 2857 locutus:

350 2873 617 2951 Accipite
644 2875 774 2933 haec
803 2873 1029 2950 animis,
1056 2876 1333 2954 laetasque
1363 2877 1641 2936 advertite
1668 2882 1933 2935 mentes:

350 2951 545 3011 Nemo
573 2973 648 3012 ex
674 2953 788 3012 hoc
807 2967 1055 3011 numero
1080 2954 1224 3012 mihi
1249 2974 1369 3013 non
1397 2956 1641 3016 donatus
1670 2953 1867 3013 abibit.

352 3030 574 3089 Gnosia
595 3031 733 3091 bina
759 3029 910 3090 dabo
936 3029 1126 3090 levato
1151 3031 1345 3091 lucida
1369 3033 1516 3091 ferro

354 3109 612 3186 Spicula,
641 3111 1017 3187 caelatamque
1047 3118 1282 3187 argento
1308 3111 1455 3169 ferre
1480 3112 1835 3189 bipennem:

351 3187 640 3248 Omnibus
665 3190 761 3249 hic
789 3190 897 3249 erit
921 3209 1076 3250 unus
1100 3190 1304 3248 honos.
1402 3190 1549 3249 Tres
1576 3191 1809 3268 praemia
1831 3186 2006 3269 primi

350 3268 681 3345 Accipient,
709 3263 972 3347 flavaque
999 3277 1174 3347 caput
1199 3276 1503 3328 nectentur
1527 3269 1700 3327 oliva.

350 3346 580 3406 Primus
609 3366 819 3426 equum
846 3348 1098 3425 phaleris
1126 3348 1412 3424 insignem
1440 3347 1878 3407 victor‘habeto.

348 3426 515 3485 Alter
540 3426 921 3486 Amazoniam
948 3427 1294 3505 pharetram,
1322 3427 1670 3504 plenamque
1697 3424 1920 3501 sagittis

350 3504 659 3582 Threiciis,
687 3506 804 3566 lato
831 3526 1002 3584 quam
1029 3507 1243 3566 circum
1281 3506 1513 3568 lectitur
1540 3524 1674 3563 auro

349 3583 609 3660 BalteuS,
638 3593 697 3646 et
721 3586 887 3644 tereti
914 3585 1203 3646 subnectit
1272 3584 1411 3643 bula
1436 3583 1684 3662 gemma.

349 3663 585 3723 Tertius
611 3664 884 3740 Argolica
911 3664 1025 3723 hac
1053 3664 1220 3742 galea
1248 3672 1557 3724 contentus
1587 3663 1760 3722 abito.

348 3742 501 3802 Haec
528 3742 631 3803 ubi
657 3742 832 3819 dicta,
858 3743 1051 3802 locum
1079 3745 1351 3824 capiunt;
1396 3744 1677 3822 signoque
1707 3739 1945 3823 repent&

2236 296 2343 357 15³

2213 604 2334 660 275

2207 993 2327 1050 280

2205 1384 2324 1440 285

2199 2170 2315 2226 295

2116 2560 2317 2618 :300

2199 2953 2316 3009 305

2114 3327 2121 3330 ‘
2199 3347 2317 3403 310

2146 3709 2157 3712 ff
2194 3739 2313 3796 315
