2717 4300
356 335 468 400 '216
1165 341 1292 401 AEN
1299 339 1524 400 mbos

363 492 660 552 AEneadas
688 511 945 570 magnos,
976 501 1035 553 et
1059 493 1253 551 nobile
1280 494 1659 551 Pallanteum.

363 571 522 629 Hinc
550 573 743 629 lucum
769 573 1081 648 ingentem,
1109 590 1281 648 quem
1309 571 1599 629 Romulus
1626 585 1757 627 acer
1783 567 2002 645 asylum

364 649 625 723 Retulit3
668 660 726 708 et
752 650 942 726 gelida
969 658 1243 707 monstrat
1269 650 1378 706 sub
1405 668 1546 724 rupe
1573 647 1880 726 Lupercal,

369 721 664 785 Parrhasio
692 728 905 785 dictum
935 727 1126 784 Panos
1153 728 1226 784 de
1255 746 1412 784 more
1440 726 1652 802 Lycaei.

363 806 424 863 N
426 825 492 862 ec
520 824 635 862 non
664 814 722 862 et
746 805 891 863 sacri
918 813 1196 863 monstrat
1221 822 1429 870 nemus
1456 803 1717 879 Argileti,

363 883 742 959 Testaturque
768 882 980 957 locum,
1009 891 1068 940 et
1093 882 1270 939 letum
1298 882 1469 939 docet
1495 881 1734 958 hospitis
1759 881 1919 957 Argi.

364 961 521 1019 Hinc
551 963 622 1019 ad
651 961 962 1038 Tarpeiam
988 961 1186 1018 sedem
1215 968 1275 1018 et
1300 959 1587 1037 Capitolia
1614 958 1793 1032 ducit,

361 1039 558 1097 Aurea
582 1058 755 1114 nunc,
784 1038 919 1096 olim
947 1037 1300 1096 silvestribus
1327 1037 1557 1112 horrida
1580 1037 1790 1095 dumis.

360 1114 396 1173 J
399 1134 490 1174 am
518 1127 639 1175 tum
665 1117 885 1191 relligio
912 1115 1152 1192 pavidos
1179 1115 1428 1174 terrebat
1453 1124 1704 1190 agrestes

364 1195 507 1252 Dira
530 1196 680 1268 loci,
715 1197 837 1272 jam
864 1201 987 1252 tum
1017 1194 1218 1253 silvam
1246 1211 1564 1270 saxumque
1590 1192 1928 1252 tremebant.

363 1273 497 1331 Hoc
526 1292 750 1348 nemus,
778 1273 954 1347 hunc,
982 1273 1186 1352 inquit,
1214 1272 1483 1330 frondoso
1513 1272 1727 1330 vertice
1756 1270 1981 1345 collem,

367 1351 516 1422 Quis
543 1352 706 1425 deus,
734 1351 1018 1411 incertum
1048 1358 1152 1426 est,
1180 1349 1401 1408 habitat
1427 1349 1607 1407 deus:
1649 1350 1906 1407 Arcades
1931 1349 2121 1425 ipsum

365 1430 623 1488 Credunt
648 1448 711 1486 se
736 1428 949 1490 vidisse
972 1427 1008 1485 J
1012 1447 1200 1503 ovem,
1228 1446 1411 1504 quum
1441 1425 1596 1505 saepe
1624 1427 1945 1502 nigrantem

362 1507 580 1583 AEgida
605 1514 939 1565 concuteret
964 1506 1185 1581 dextra,
1213 1506 1555 1582 nimbosque
1583 1505 1778 1564 cieret.
2013 1513 2020 1520 '

365 1586 511 1643 Haec
538 1587 655 1643 duo
680 1593 957 1661 praeterea
981 1584 1233 1662 disjectis
1261 1583 1473 1660 oppida
1498 1583 1694 1658 muria,

363 1663 663 1739 Reliquias
690 1671 1061 1738 veterumque
1088 1662 1252 1719 vides
1281 1671 1655 1719 monumenta
1678 1662 1929 1719 virorum
1955 1679 1969 1718 τ

336 1742 536 1799 »Hanc
559 1741 595 1799 J
600 1748 947 1818 anuspater,
974 1741 1124 1797 hanc
1155 1741 1432 1798 Saturnus
1459 1740 1717 1810 condidit
1744 1758 1928 1797 arcem
1952 1758 1970 1812 3

362 1819 696 1878 sanicula-1
722 1817 879 1894 huic,
907 1818 990 1875 illi
1018 1818 1202 1878 suerat
1230 1819 1496 1876 Saturnia
1521 1837 1751 1876 nomen.

366 1896 604 1956 Talibus
632 1899 780 1956 inter
805 1913 867 1955 se
896 1897 1062 1955 dictis
1089 1898 1160 1954 ad
1189 1904 1342 1955 tacta
1368 1896 1635 1954 subibant

364 1977 641 2053 Pauperis
670 1975 948 2047 Evandri,
976 1976 1302 2051 passimque
1331 1983 1587 2032 armenta
1611 1974 1886 2033 videbant

364 2056 744 2130 Romanoque
771 2055 892 2112 foro
920 2061 978 2110 et
1002 2053 1169 2111 lautis
1198 2053 1418 2128 mugire
1446 2053 1689 2111 Carinis.
1735 2085 1742 2090 ‹

365 2134 450 2194 Ut
474 2141 709 2192 ventum
741 2133 813 2191 ad
838 2133 1005 2191 sedes
1029 2153 1042 2190 ε
1087 2131 1255 2207 Haec,
1284 2131 1486 2209 inquit,
1515 2130 1716 2190 limina
1741 2129 1922 2189 victor

364 2213 600 2270 Alcides
627 2211 837 2285 subiit;
877 2211 1007 2268 hoec
1035 2212 1194 2269 illum
1223 2212 1380 2287 regia
1405 2211 1576 2290 cepit.·
1705 2220 1710 2225 ’
1943 2276 1948 2281 ,

364 2291 554 2366 Aude,
581 2290 811 2368 hospes,
839 2298 1208 2348 contemnere
1236 2299 1394 2366 opeS,
1424 2291 1563 2347 et'te
1592 2306 1821 2379 quoque
1848 2286 2085 2363 dignum

366 2370 551 2444 Finge
579 2370 726 2442 de03
770 2369 1051 2445 rebusque
1078 2367 1209 2426 veni
1238 2387 1353 2424 non
1384 2386 1548 2443 asper
1574 2385 1789 2442 egenis.

366 2448 568 2519 Dixit3
612 2455 672 2505 et
697 2448 920 2523 angusti
949 2447 1144 2504 subter
1169 2445 1392 2521 fastigia
1419 2445 1556 2502 tecti

369 2525 668 2598 lugentem
697 2525 927 2583 AEnean
956 2523 1139 2597 duxit,
1168 2523 1466 2598 stratisque
1494 2521 1704 2583 locavit

371 2603 651 2660 Effultum
678 2601 828 2660 soliis
855 2612 913 2661 et
938 2600 1434 2679 pelle-Libystidis
1460 2619 1626 2657 ursae.

368 2680 505 2739 Nox
536 2682 663 2755 ruit,
693 2690 750 2737 et
776 2679 949 2737 fuscis
978 2679 1238 2736 tellurem
1267 2678 1631 2752 amplectitur
1658 2676 1779 2734 alis.

445 2761 524 2814 At
549 2758 753 2815 Venus
781 2757 936 2829 haud
965 2756 1155 2813 animo
1184 2755 1574 2831 nequidquam
1604 2754 1872 2814 exterrita
1898 2761 2097 2829 mater,

368 2835 833 2911 Laurentumque
861 2834 1033 2892 minis
1062 2847 1120 2892 et
1145 2833 1288 2891 duro
1316 2844 1470 2891 mota
1496 2834 1761 2909 tumultu,

369 2914 694 2971 Vulcanum
724 2913 1045 2990 alloquitur,
1073 2912 1444 2987 thalamoque
1469 2912 1598 2970 hoec
1626 2912 1885 2992 conjug-is
1913 2928 2088 2969 aureo

372 2992 599 3068 incipit,
629 3001 687 3049 et
713 2992 880 3049 dictis
907 2990 1163 3048 divinum
1193 2991 1441 3063 adspirat
1467 3011 1717 3051 amorem
1742 3010 1756 3048 :

373 3070 526 3127 Dum
555 3070 708 3128 bello
736 3068 992 3145 Argolici
1018 3069 1313 3128 vastabant
1346 3069 1622 3146 Pergama
1649 3088 1812 3145 reges

375 3148 601 3222 Debita,
629 3165 973 3224 casurasque
1000 3146 1250 3205 inimicis
1276 3148 1504 3223 ignibus
1533 3167 1709 3221 arces,

370 3226 432 3285 N
433 3247 506 3284 on
533 3227 715 3285 ullum
745 3225 1020 3283 auxilium
1048 3223 1290 3300 miseria,
1317 3232 1436 3283 no'n
1464 3245 1620 3297 arma
1643 3221 1837 3299 rogavi

369 3302 524 3362 Artis
551 3305 789 3383 opisque
815 3312 929 3362 tuae
952 3323 968 3376 ;
1009 3322 1119 3361 nec
1146 3313 1223 3379 te,
1252 3304 1542 3362 carissime
1569 3304 1800 3379 conjux,

373 3382 743 3441 Incassumve
768 3390 899 3441 tuos
924 3381 1083 3441 volui
1110 3400 1381 3440 exercere
1407 3380 1631 3438 labores
1652 3399 1668 3452 ;

374 3460 653 3529 Quamvis
682 3471 740 3519 et
766 3460 983 3518 Priami
1010 3459 1283 3531 deberem
1308 3459 1554 3536 plurima
1579 3456 1746 3532 natis,

374 3538 454 3596 Et
481 3540 685 3596 durum
712 3538 923 3596 AEneae
950 3538 1240 3596 flevissem
1269 3534 1423 3612 saepe
1452 3536 1723 3592 laborem.

373 3616 433 3673 N
437 3635 549 3673 unc
572 3616 734 3674 Jovis
759 3616 1014 3692 imperiis
1039 3616 1383 3673 Rutulorum
1413 3611 1667 3671 constitit
1692 3611 1805 3671 oris
1828 3631 1842 3670 ε

374 3692 531 3768 Ergo
559 3695 760 3751 eadem
789 3693 1033 3768 supplex
1057 3694 1249 3767 venio,
1277 3700 1336 3749 et
1363 3700 1621 3748 sanctum
1649 3689 1796 3748 mihi
1820 3709 2036 3748 numen

377 3773 552 3827 Arma
577 3789 712 3841 rogo
741 3769 1000 3843 genetrix
1030 3779 1180 3826 nat0.
1263 3770 1353 3826 Te
1382 3768 1500 3825 filia
1526 3769 1725 3843 Nerei,

375 3847 465 3904 Te
491 3847 678 3922 potuit
702 3846 966 3919 lacrymis
995 3844 1270 3902 Tithonia
1292 3845 1524 3903 flectere
1552 3849 1788 3926 conjux«

2198 807 2314 876 345

2111 1235 2114 1238 -
2198 1196 2313 1250 350

2199 1586 2313 1639 355

2182 2031 2187 2038 ,
2199 1976 2314 2030 360

2202 2368 2316 2421 365

2203 2757 2319 2812 370

2204 3148 2320 3202 375

2206 3539 2323 3594 380

2697 277 2710 396 „a--n-
