2717 4300
1222 316 1454 372 LIBER
1489 316 1564 374 11.
2275 318 2382 379 m

418 464 544 525 vix
569 485 642 524 ea
664 463 813 523 fatus
840 480 1015 540 eram,
1045 465 1262 541 gemitu
1290 484 1470 543 quum
1497 467 1634 525 talia
1657 467 1880 527 reddit:

421 543 606 602 Venit
632 562 858 602 summa
882 544 1008 601 dies
1032 553 1093 602 et
1116 544 1486 603 ineluctabile
1514 554 1742 622 tempus

423 622 767 680 Dardanias:
809 622 1022 680 fuimus
1050 623 1271 696 Ττοόες
1313 623 1422 681 fuit
1450 623 1640 699 Ilium,
1670 633 1731 683 ct
1753 624 1960 700 ingens
2264 631 2380 686 325

423 701 626 758 Gloria
652 701 1043 759 Teucrorum:
1085 701 1237 759 ferus
1266 702 1461 759 omnia
1484 702 1710 779 Jupiter
1734 704 1922 781 Argos

425 779 773 837 Transtulit:
797 779 1053 837 'incensa
1081 779 1273 838 Danai
1300 780 1665 840 dominantur
1690 782 1751 839 in
1777 784 1936 842 urbe.

423 858 656 915 Arduus
684 866 927 915 armatos
954 858 1160 915 mediis
1188 859 1247 915 in
1276 858 1564 917 moenibus
1591 861 1818 919 adstans

424 936 642 993 Fundit
668 955 889 1012 equus5
931 937 1231 1012 victorque
1263 938 1444 995 Sinon
1474 937 1745 996 incendia
1768 940 1975 999 mIscet

427 1014 746 1072 Insultans:
788 1014 965 1091 portis
994 1015 1089 1073 alii
1117 1014 1512 1091 bipatentibus
1541 1017 1763 1093 adsunt,
2262 1020 2380 1078 330

425 1092 617 1150 Millia
642 1103 779 1169 quot
806 1093 1026 1167 magnis
1053 1110 1305 1169 unquam
1332 1092 1548 1151 venere
1569 1095 1861 1171 Mycenis,

427 1170 724 1229 Obsedere
746 1171 842 1229 alii
864 1171 994 1229 telis
1022 1180 1259 1246 angusta
1284 1173 1506 1229 viarum

428 1249 729 1326 Oppositi:
771 1259 883 1308 stat
908 1249 1040 1307 ferri
1068 1249 1220 1307 acies
1249 1268 1527 1308 mucrone
1555 1268 1794 1309 corusco

353 1325 364 1336 ’
430 1328 658 1401 Stricta,
685 1338 883 1405 parata
908 1328 1073 1386 neci:
1114 1328 1215 1384 vix
1241 1328 1411 1404 primi
1438 1328 1640 1406 proelia
1663 1337 1888 1389 tentant

426 1406 722 1464 Portarum
749 1405 972 1482 vigiles,
1002 1415 1060 1465 et
1084 1425 1242 1469 caeco
1270 1407 1462 1464 Marte
1489 1406 1775 1466 resistunt.
1980 1478 1983 1483 .
2264 1415 2380 1470 335

502 1484 742 1542 Talibus
770 1484 1080 1562 Othryadae
1108 1486 1276 1544 dictis
1304 1494 1364 1543 et
1389 1486 1625 1543 numine
1652 1486 1851 1544 divi‘tm

427 1563 496 1620 In
523 1563 784 1621 flammas
813 1573 870 1621 et
895 1564 953 1620 in
984 1582 1141 1621 arma
1165 1564 1332 1640 seror,
1363 1561 1476 1639 quo
1506 1564 1680 1635 tristis
1707 1564 1984 1642 Erinnys,

427 1639 563 1713 Quo
590 1641 847 1700 fremitus
870 1651 1056 1716 vocat,
1087 1651 1149 1700 et
1174 1643 1430 1701 sublatus
1458 1643 1530 1699 ad
1560 1642 1776 1702 aethera
1802 1643 2035 1703 clamor.

425 1718 664 1779 Addunt
690 1739 753 1778 se
780 1721 965 1778 socios
991 1721 1259 1798 Rhipeus
1286 1731 1345 1780 et
1372 1722 1658 1779 maximus
1685 1722 1856 1780 armis

426 1799 689 1876 Epytus3
732 1798 908 1857 oblati
932 1818 1036 1876 per
1060 1798 1275 1875 lunam,
1305 1796 1704 1877 Hypanisque,
1726 1801 2101 1878 Dymasque;
2260 1804 2377 1860 340

426 1877 507 1935 Et
532 1878 695 1935 lateri
723 1877 1112 1953 agglomerant
1137 1888 1364 1951 nostro;
1413 1880 1752 1956 'uvenisque
1781 1879 2067 1939 Coroebus

425 1956 847 2032 Mygdonides:
890 1956 1004 2013 illis
1031 1957 1103 2013 ad
1130 1957 1364 2035 Trojam
1415 1954 1539 2014 orte
1570 1958 1775 2016 diebus

425 2034 700 2110 Venerat,
729 2035 930 2092 insano
958 2030 1296 2093 Cassandrae
1323 2036 1595 2093 incensus
1624 2054 1859 2109 amore3

427 2112 508 2172 Et
534 2132 710 2190 gener
735 2112 1014 2171 auxilium
1042 2111 1272 2171 Priamo
1299 2113 1741 2190 Phrygibusque
1769 2114 2020 2190 serebat3

428 2192 658 2267 Infelix,
686 2194 784 2270 qui
811 2211 929 2249 non
955 2210 1183 2267 sponsae
1208 2201 1500 2269 praecepta
1524 2190 1763 2250 furentis
2257 2197 2375 2252 845

426 2272 706 2330 Audierit.

427 2349 591 2420 Quos
618 2349 718 2407 ubi
745 2347 1029 2408 confertos
1055 2349 1268 2407 audere
1294 2347 1354 2406 in
1382 2347 1584 2425 proelia
1608 2347 1748 2423 vidi,

426 2427 651 2506 Incipio
679 2446 851 2505 super
874 2427 1002 2485 his:
1043 2428 1318 2501 Juvenes,
1346 2425 1656 2484 fortissima
1681 2427 1886 2486 frustra

425 2507 686 2581 Pectora,
715 2508 764 2564 si
791 2505 956 2563 vobis
985 2507 1291 2564 audentem
1313 2512 1572 2563 extrema
1598 2505 1812 2581 cupido

424 2586 600 2644 Certa
627 2585 808 2662 sequi,
837 2603 964 2662 quae
996 2585 1071 2643 sit
1093 2585 1264 2642 rebus
1291 2585 1517 2642 fortuna
1541 2582 1783 2642 videtis:
2258 2586 2375 2642 850

423 2661 748 2722 Excessere
777 2681 996 2736 omnes,
1026 2663 1211 2740 adytis
1237 2663 1461 2740 arisque
1488 2662 1719 2737 relictis,

422 2742 503 2800 Di
532 2742 739 2819 quibus
765 2742 1069 2818 imperium
1096 2743 1207 2800 hoc
1235 2748 1501 2800 steterat:
1544 2740 1871 2799 succurritis
1897 2739 2025 2799 urbi

425 2822 722 2880 Incensae:
765 2821 1089 2894 moriamur,
1120 2829 1178 2879 et
1203 2820 1262 2877 in
1291 2820 1485 2877 media
1510 2837 1668 2877 arma
1691 2836 1920 2878 ruamus
1943 2836 1959 2876 t

423 2899 565 2960 Una
590 2899 741 2958 salus
767 2899 934 2957 victis
959 2899 1173 2956 nullam
1205 2917 1438 2976 sperare
1456 2898 1717 2956 salutem.

426 2978 526 3036 Sic
556 2978 759 3042 animis
778 2978 1063 3054 juvenum
1091 2976 1243 3034 furor
1271 2978 1514 3034 additus.
1599 2976 1763 3053 Inde,
1789 2975 1912 3051 lupi
1939 2992 2051 3033 ceu
2258 2977 2376 3031 355

423 3056 735 3135 Raptores,
761 3056 879 3113 atrii
906 3054 966 3113 in
996 3054 1227 3129 nebula,
1255 3074 1399 3130 quos
1424 3054 1687 3130 improba
1708 3053 1926 3113 ventris

425 3134 642 3211 Exegit
669 3153 855 3193 caecos
882 3133 1088 3207 rabies,
1118 3132 1403 3209 catulique
1430 3133 1615 3190 relicti

425 3213 714 3272 Faucibus
742 3220 1081 3288 exspectant
1106 3211 1296 3286 sicciS,
1323 3229 1428 3288 per
1453 3210 1585 3286 tela,
1611 3228 1717 3287 per
1739 3208 1958 3282 hostes,

425 3291 708 3350 Vadimus
734 3290 890 3348 haud
919 3291 1151 3349 dubiam
1180 3291 1238 3346 in
1266 3298 1543 3361 mortem3
1586 3287 1910 3362 mediasque
1936 3293 2200 3343 tenemus

426 3369 602 3429 Urbis
629 3371 772 3431 iter:
815 3388 934 3426 nox
961 3378 1081 3428 atra
1106 3368 1249 3426 cava
1276 3366 1651 3425 circumvolat
1675 3363 1896 3422 umbra.
2259 3367 2376 3423 360

423 3448 576 3519 Quis
604 3450 829 3508 cladem
855 3448 1009 3506 illius
1035 3446 1241 3520 noctis,
1270 3447 1399 3522 quis
1425 3446 1626 3503 funera
1651 3442 1824 3500 fando

425 3526 718 3603 Explicet,
749 3534 846 3584 aut
870 3527 1050 3603 possit
1069 3525 1337 3602 lacrymis
1367 3540 1594 3601 aequare
1621 3520 1888 3579 labores?

424 3605 581 3665 Urbs
610 3607 843 3682 antiqua
866 3605 998 3680 ruit,
1028 3605 1239 3671 multos
1268 3603 1565 3661 dominata
1589 3618 1694 3677 per
1717 3618 1930 3674 annos3

423 3683 680 3742 Plurima
706 3703 923 3761 perque
952 3684 1074 3741 vias
1101 3691 1432 3741 sternuntur
1457 3679 1662 3738 inertia
1695 3678 1907 3755 passim
2034 3713 2045 3724 ι

423 3762 699 3839 Corpora,
726 3780 942 3840 perque
969 3762 1189 3836 domos,
1218 3769 1278 3820 et
1303 3759 1592 3836 relligiosa
1616 3758 1852 3816 deorum
2257 3755 2375 3810 865

422 3842 669 3900 Limina.
751 3840 813 3900 N
816 3859 883 3898 ec
911 3840 1017 3898 soli
1043 3860 1244 3917 poenas
1271 3840 1411 3899 dant
1435 3837 1711 3914 sanguine
1739 3835 1987 3907 Teucri;
