2717 4300
358 318 467 377 m
1101 276 1118 289 ’
1149 318 1535 380 &Nemus

357 467 536 530 Haud
566 465 883 530 dubitanda
908 472 1092 529 refer:
1137 474 1419 550 Corytum
1449 481 1737 549 terrasque
1765 475 2016 554 requirat
2201 481 2316 538 1⁷0

355 551 662 608 Ausonias.
748 551 972 607 Dictaea
999 562 1170 626 negat
1197 553 1301 610 tibi
1326 551 1554 628 Jupiter
1581 571 1732 610 arva.

434 629 674 685 Talibus
702 629 972 703 attonitus
998 630 1136 686 visis
1165 649 1231 687 ac
1261 648 1406 687 voce
1432 631 1671 688 deorum

364 706 454 782 (N
458 725 525 763 ec
554 726 725 783 sopor
752 707 894 763 illud
923 717 1081 780 erat;
1124 706 1452 765 sedcoram
1480 727 1791 783 agnoscere
1816 710 2032 788 vultus,

354 783 705 860 velatasque
734 803 947 862 comaS,
977 787 1398 863 praesentiaque
1426 806 1525 845 ora
1549 788 1823 848 videbar:

354 862 508 918 Tum
537 864 760 938 gelidus
787 873 908 920 toto
935 865 1203 923 manabat
1228 885 1466 942 corpore
1494 867 1723 944 sudor),
2196 873 2313 931 175

357 941 621 1016 Corripio
650 960 683 999 e
711 943 897 999 stratis
925 963 1149 1020 corpuS,
1179 946 1468 1021 tendoque
1497 946 1732 1021 supinas

353 1020 445 1076 Ad
475 1020 690 1077 coelum
714 1038 846 1078 cum
875 1036 1021 1079 voce
1051 1042 1275 1100 manuS,
1304 1035 1365 1081 et
1393 1042 1632 1080 munera
1659 1024 1776 1101 libo

355 1097 701 1157 Intemerata
728 1096 886 1157 focis.
972 1100 1237 1159 Perfecto
1265 1102 1430 1159 laetus
1460 1101 1696 1178 honore,

352 1176 651 1234 Anchisen
680 1177 825 1235 facio
855 1189 1096 1254 certum,
1127 1194 1363 1257 remque
1391 1180 1597 1257 ordine,
1616 1181 1827 1258 pando.

354 1256 611 1331 Agnovit
635 1256 856 1335 prolem
887 1258 1214 1339 ambiguam
1240 1259 1616 1336 geminosque
1641 1268 1933 1337 parentes,
2200 1266 2313 1320 180

357 1334 551 1411 Seque
578 1351 729 1393 novo
755 1345 1018 1395 veterum
1047 1340 1354 1415 deceptum
1385 1357 1573 1396 errore
1601 1340 1877 1399 locorum.
2226 1342 2227 1349 ’

355 1408 515 1470 Tum
546 1424 855 1485 memorat:
898 1416 1072 1490 Nate,
1107 1417 1298 1474 Iliacis
1326 1418 1579 1475 exercite
1607 1417 1757 1491 fatis„

359 1488 495 1548 Sola
525 1493 668 1549 mihi
696 1494 838 1551 tales
866 1513 1034 1550 casus
1063 1494 1385 1551 Cassandra
1414 1494 1676 1552 canebat.

353 1568 535 1627 Nunc
565 1580 760 1646 repeto
788 1570 917 1627 haec
947 1572 1145 1645 generi
1172 1571 1514 1664 portendere
1544 1571 1738 1628 debita
1763 1578 1979 1645 nostro,
2278 1646 2283 1650 .

355 1646 438 1704 Et
464 1646 618 1723 saepe
649 1648 1013 1723 Hesperiam,
1044 1667 1199 1724 saepe
1232 1649 1378 1705 Itala
1404 1667 1598 1724 regna,
1627 1666 1851 1705 vocare.
2200 1655 2312 1707 185

357 1725 474 1783 Sed
502 1726 631 1802 quis
660 1727 730 1784 ad
759 1727 1059 1802 Hesperiae
1086 1735 1355 1783 venturos
1384 1726 1573 1784 littora
1599 1726 1859 1783 Teucros

355 1805 676 1862 Crederet?
719 1814 817 1862 aut
843 1824 1018 1881 quem
1049 1813 1170 1863 tum
1197 1808 1359 1863 vates
1388 1804 1710 1862 Cassandra
1735 1806 2040 1864 moveret?

356 1883 647 1940 Cedamus
674 1883 919 1958 Phoebo,
947 1893 1004 1941 et
1032 1884 1234 1941 moniti
1262 1883 1499 1941 meliora
1526 1902 1854 1960 sequamur.

351 1961 455 2019 Sic
484 1962 598 2020 ait:
640 1971 698 2021 et
726 1962 921 2020 cuncti
948 1963 1101 2020 dicto
1127 1982 1399 2039 paremus
1423 1972 1682 2020 ovantes,

357 2039 527 2098 Hanc
555 2061 785 2118 quoque
814 2042 1133 2098 deserimus
1161 2043 1380 2115 sedem,
1450 2041 1721 2118 aucisque
1749 2039 1964 2099 relictis
2199 2045 2312 2099 190

355 2117 508 2178 Vela
533 2121 755 2196 damus,
784 2129 1124 2197 vastumque
1155 2121 1299 2178 cava
1325 2129 1412 2179 tra
1513 2121 1799 2178 currimus
1823 2136 2036 2206 aequpr.

432 2199 745 2277 Postquam
776 2201 955 2259 altum
981 2199 1223 2258 tenuere
1253 2209 1420 2275 rates,
1450 2219 1559 2257 nec
1580 2204 1703 2279 jam
1733 2197 1979 2277 amplius
2004 2199 2141 2258 ullae

354 2281 658 2356 Apparent
684 2290 869 2355 terrae,
899 2280 1109 2339 coelum
1136 2281 1416 2357 undique,
1448 2289 1505 2337 et
1531 2279 1784 2354 undique
1811 2288 2060 2356 pontus3

351 2355 511 2416 Tum
539 2359 682 2417 mihi
712 2360 990 2418 caeruleus
1018 2379 1189 2437 supra
1214 2368 1389 2436 caput
1416 2359 1631 2417 adstitit
1657 2358 1858 2432 imber,

354 2437 611 2497 Noctem
641 2438 1012 2514 hiememque
1040 2440 1269 2511 serens3
1313 2446 1373 2495 et
1399 2435 1682 2495 inhorruit
1708 2436 1866 2493 unda
1891 2434 2162 2494 tenebris.
2203 2439 2313 2493 195
2348 2483 2351 2486 .

356 2516 652 2575 Continuo
680 2518 839 2576 venti
859 2519 1100 2576 volvunt
1126 2535 1301 2591 mare,
1332 2534 1654 2592 magnaque
1682 2523 1925 2591 surgunt
2051 2531 2059 2538 ·

356 2596 620 2672 AEquora
653 2615 665 2652 :
710 2596 952 2672 dispersi
974 2599 1261 2674 jactamur
1286 2594 1507 2670 gurgite
1535 2602 1714 2651 vasto.

358 2672 666 2731 Involvere
693 2675 848 2731 diem
876 2675 1076 2749 nimbi,
1108 2682 1167 2731 et
1193 2693 1311 2731 nox
1339 2672 1580 2730 humida
1606 2671 1817 2730 coelum

357 2751 648 2811 Abstulit:
692 2753 1051 2828 ingeminant
1076 2753 1329 2830 abruptis
1356 2750 1606 2809 nubibus
1634 2751 1818 2827 ignes.

358 2830 705 2889 Excutimur
730 2841 1009 2906 cursu‚.et
1036 2833 1205 2890 caecis
1234 2849 1488 2889 erramus
1515 2830 1573 2888 in
1603 2830 1793 2888 undis.
2199 2832 2316 2886 200

358 2909 494 2986 Ipse
522 2910 675 2968 diem
706 2920 1056 2987 noctemque
1083 2919 1256 2985 negat
1281 2907 1609 2968 discernere
1638 2909 1808 2984 coelo,

359 2988 419 3047 N
422 3008 489 3048 ec
517 2989 849 3047 meminisse
877 2991 988 3047 viae
1019 2990 1211 3048 media
1237 2988 1548 3047 Palinurus
1575 2990 1635 3047 in
1663 2987 1841 3047 unda.

358 3069 505 3126 Tres
534 3065 679 3126 adeo
706 3069 953 3126 incertos
981 3070 1139 3127 caeca
1166 3068 1413 3145 caligine
1442 3069 1594 3126 soles

360 3147 637 3205 Erramus
659 3148 886 3225 pelago,
918 3149 1155 3206 totidem
1185 3148 1310 3205 sine
1338 3147 1525 3218 sidere
1554 3153 1772 3204 noctes.

360 3226 581 3296 Quarto
609 3235 757 3285 terra
784 3227 877 3284 die
905 3224 1154 3304 primum
1182 3247 1245 3285 se
1274 3226 1532 3294 attollere
1559 3225 1792 3283 tandem
2198 3223 2315 3278 205

357 3304 522 3379 Visa,
552 3306 772 3383 aperire
799 3308 996 3383 procul
1027 3315 1273 3380 montes,
1304 3324 1371 3363 ac
1396 3304 1631 3362 volvere
1658 3302 1901 3359 sumum.

356 3381 512 3441 Vela
537 3386 787 3459 cadunt3
831 3387 1004 3445 remis
1032 3385 1378 3462 insurgimus
1403 3403 1417 3439 τ
1460 3382 1614 3440 haud
1642 3399 1819 3456 mora,
1847 3385 2040 3436 nautae

357 3463 580 3521 Adnixi
606 3472 872 3540 torquent
898 3485 1150 3543 spumas,
1180 3473 1237 3523 et
1264 3461 1475 3521 caerula
1499 3467 1752 3518 verrunt.

439 3542 740 3600 Servatum
770 3563 845 3601 ex
873 3546 1044 3602 undis
1071 3543 1461 3620 Strophadum
1491 3557 1583 3597 me
1609 3538 1803 3595 littora
1825 3535 2078 3615 primum

357 3620 691 3697 Accipiunt.
777 3622 1131 3699 Strophades
1158 3621 1335 3679 Graio
1364 3627 1515 3677 stant
1540 3618 1777 3675 nomine
1803 3616 1973 3676 dictae
2196 3614 2314 3671 210

363 3700 576 3758 Insulae
608 3700 773 3758 Ionio
800 3701 859 3757 in
890 3721 1118 3777 magno,
1149 3719 1291 3778 quas
1318 3700 1441 3757 dira
1468 3697 1728 3772 Celaeno,

360 3779 754 3857 Harpyiaeque
782 3779 978 3837 colunt
1004 3779 1153 3851 alite,
1183 3780 1432 3836 Phineia
1458 3786 1756 3854 postquam

360 3858 573 3916 Clausa
599 3859 824 3932 domus,
853 3874 1198 3933 mensasque
1226 3864 1387 3914 metu
1417 3854 1637 3933 liquere
1662 3856 1899 3934 priores.
