2717 4300
1236 275 1469 331 LIBER
1505 276 1580 331 11.

435 422 556 496 Qui
582 442 737 483 nunc
766 423 1043 482 extremis
1071 423 1278 482 Asioe
1250 445 1378 503 jam
1406 424 1632 483 victor
1612 445 1676 484 ιιι
1703 426 1819 485 oris

437 502 743 561 Imbellem
774 502 982 567 avertis
1008 503 1291 561 Romanis
1320 503 1546 561 arcibus
1576 505 1810 563 Indum.

437 582 628 656 Salve,
658 601 870 658 magna
893 600 1102 658 parens
1128 580 1378 656 frugum,
1410 582 1676 640 Saturnia
1702 584 1893 659 tellus,

437 661 656 735 Magna
677 661 900 716 virum:
943 659 1046 717 tibi
1075 677 1166 717 res
1197 661 1449 736 antiquae
1477 660 1663 718 laudis
1690 670 1750 719 et
1774 663 1909 721 artis

440 738 752 813 ingredior,
782 746 1008 795 sanctos
1036 756 1227 803 ausus
1240 739 1534 796 recludere
1560 738 1783 798 fontes·
1767 782 1785 814 ,

436 820 852 891 Ascraeumque
881 834 1026 872 cano
1054 815 1322 873 Romana
1346 835 1455 892 per
1480 817 1695 894 oppida
1721 837 1973 877 carmen.

515 895 575 952 N
580 913 691 951 unc
719 895 879 952 locus
906 913 1169 951 arvorum
1199 895 1483 969 ingeniis:
1528 914 1657 972 quoe
1686 897 1890 956 robora
1912 897 2142 975 cuique,

439 972 590 1042 Quis
619 973 794 1048 color,
830 982 889 1030 et
904 992 1045 1067 quae
1072 972 1147 1030 sit
1172 972 1345 1030 rebus
1373 982 1577 1031 natura
1592 973 1869 1034 serendis.
2011 996 2017 1002 ·

436 1051 720 1109 Difficiles
745 1047 996 1128 primum
1026 1059 1211 1125 terrae,
1241 1051 1537 1128 collesque
1563 1052 1819 1129 maligni,

437 1130 659 1186 Tenuis
686 1129 786 1187 ubi
813 1129 1026 1204 argilla,
1056 1138 1116 1187 et
1139 1131 1401 1187 dumosis
1429 1130 1687 1189 calculus
1713 1132 1881 1209 arviS,

438 1208 701 1264 Palladia
727 1209 984 1284 gaudent
1008 1207 1154 1265 silva
1181 1209 1402 1266 vivacis
1430 1209 1616 1266 olivae.

442 1285 681 1343 Indicio
690 1295 780 1343 est
804 1295 987 1344 tractu
1015 1304 1254 1361 surgens
1283 1286 1528 1344 oleaster
1554 1288 1760 1345 eodem

437 1365 746 1438 PlurimuS,
777 1372 836 1422 et
862 1365 1023 1422 strati
1051 1364 1243 1422 baccis
1270 1364 1628 1422 silvestribus
1654 1366 1792 1440 agri.

438 1445 519 1499 At
545 1462 684 1519 quae·
699 1443 929 1519 pinguis
956 1443 1185 1517 humuS,
1213 1443 1484 1519 dulcique
1507 1443 1724 1519 uligine
1750 1443 1901 1520 laeta,

441 1522 672 1597 Quique
700 1521 967 1616 frequens
994 1521 1188 1579 herbis
1214 1530 1275 1578 et
1298 1521 1497 1579 fertilis
1525 1519 1701 1580 ubere
1729 1542 1986 1601 campus,

441 1599 686 1670 Qualem
713 1618 867 1676 saepe
897 1601 1039 1657 cava
1068 1600 1278 1657 montis
1304 1600 1567 1658 convalle
1596 1599 1847 1660 solemus

438 1679 775 1753 Dispicere3
819 1679 933 1735 huc
960 1677 1197 1751 summis
1223 1678 1517 1754 liquuntur
1544 1678 1777 1756 rupibus
1805 1700 2022 1756 amnes,

438 1757 813 1832 Felicemque
840 1744 1072 1815 trahunt
1098 1756 1334 1814 limum·
1318 1799 1337 1830 ,
1380 1758 1593 1834 quique
1618 1758 1804 1818 editus
1831 1769 2041 1835 austro,

440 1836 524 1892 Et
552 1835 763 1892 filicem
792 1836 979 1893 curvis
1007 1835 1250 1892 invisam
1277 1837 1461 1912 pascit
1486 1837 1717 1894 aratris.
1703 1856 1717 1869 ·

440 1914 559 1970 Hic
585 1913 691 1972 tibi
716 1914 1053 1991 praevalidas
1080 1913 1219 1971 olim
1247 1913 1541 1991 multoque
1567 1913 1811 1974 fluentes

443 1992 702 2060 Sufficiet
727 1992 967 2050 Baccho
993 1992 1175 2065 vites3
1219 1992 1316 2050 hic
1340 1992 1544 2051 fertilis
1571 2012 1718 2068 uvae,

390 2092 397 2099 ·
442 2064 558 2128 Hic
585 2070 789 2146 laticis,
818 2071 1062 2147 qualem
1076 2070 1287 2164 pateris
1308 2071 1553 2129 libamus
1571 2076 1638 2129 et‘
1665 2091 1821 2147 auro,

443 2150 672 2208 Inflavit
695 2169 870 2226 quum
897 2151 1125 2226 pinguis
1152 2150 1294 2208 ebur
1320 2150 1656 2225 Tyrrhenus
1682 2153 1756 2209 ud
1783 2170 1927 2227 aras,

442 2228 733 2286 Lancibus
761 2238 819 2287 et
843 2230 1048 2322 pandis
1074 2228 1354 2286 fumantia
1379 2229 1670 2286 reddimus
1697 2237 1849 2286 exta.

443 2308 549 2364 Sin
577 2317 835 2384 armenta
857 2302 1043 2381 magis
1068 2305 1322 2365 studium
1347 2306 1673 2383 vitulosque
1700 2306 1866 2378 tueri,

442 2385 564 2443 Aut
588 2384 757 2443 soetus
784 2385 999 2458 ovium,
1029 2393 1127 2443 aut
1151 2391 1384 2442 urentes
1410 2383 1564 2442 culta
1589 2384 1876 2461 capellas·
1859 2425 1877 2457 ,

447 2464 637 2521 Saltus
665 2471 723 2521 et
748 2462 923 2522 saturi
949 2464 1128 2538 petito
1154 2462 1467 2538 longinqua
1492 2462 1750 2538 Tarenti,

442 2542 525 2599 Et
553 2540 784 2616 qualem
810 2540 1014 2598 infelix
1041 2540 1231 2598 amisit
1250 2541 1503 2604 Mantua
1528 2559 1814 2618 campum,

422 2619 790 2677 -Pascentem
817 2620 1019 2685 niveos
1045 2618 1291 2677 herboso
1319 2619 1558 2680 flumine
1586 2638 1818 2696 cycnos.

440 2698 504 2757 N
504 2717 580 2755 on
606 2697 809 2792 liquidi
837 2697 1103 2772 gregibus
1129 2697 1334 2772 sontes,
1361 2717 1480 2756 non
1508 2697 1783 2774 gramina,
1812 2697 2090 2757 deerunt·
2072 2739 2092 2773 ‚

442 2776 525 2836 Et
548 2772 826 2853 quantum
836 2776 1041 2870 longis
1063 2784 1302 2853 carpent
1331 2784 1593 2835 armenta
1630 2774 1854 2851 diebus,

445 2855 679 2930 Exigua
705 2851 928 2913 tantum
955 2855 1179 2930 gelidus
1205 2874 1298 2913 ros
1324 2863 1500 2913 nocte
1526 2863 1781 2932 reponet.

522 2933 707 3009 Nigra
733 2930 874 3008 fere,
904 2941 963 2991 et
980 2949 1185 3010 presso
1210 2933 1442 3009 pinguis
1467 2933 1576 2991 sub
1601 2952 1836 2991 vomere
1862 2939 2030 3008 terra,

445 3013 528 3070 Et
553 3012 648 3070 cui
675 3019 837 3088 putre
864 3012 1050 3069 solum
1087 3010 1365 3087 (namque
1391 3011 1504 3070 hoc
1531 3011 1820 3070 imitamur
1845 3009 2117 3089 arando),

444 3091 680 3167 Optima
704 3091 1040 3162 frumentis;
1084 3108 1199 3147 non
1228 3089 1345 3147 ullo
1368 3108 1445 3147 ex
1472 3109 1699 3166 aequore
1726 3108 1930 3148 cernes

446 3169 620 3227 Plura
646 3170 879 3230 domum
905 3132 1081 3227 tard’is
1110 3168 1392 3226 decedere
1419 3168 1713 3244 plaustra
1687 3168 1995 3246 juvencis:

444 3251 566 3306 Aut
591 3248 746 3320 unde
773 3248 948 3305 iratus
977 3246 1181 3304 silvam
1210 3245 1446 3304 devexit
1469 3256 1673 3322 arator,

445 3326 527 3385 Et
551 3345 789 3384 nemora
814 3325 1020 3384 evertit
1045 3323 1299 3382 multos
1283 3344 1491 3399 ignava
1515 3344 1620 3401 per
1646 3342 1893 3398 annos,

444 3404 843 3481 Antiqu'asque
872 3404 1073 3461 domos
1102 3403 1295 3461 evium
1323 3421 1458 3470 cum
1485 3399 1799 3478 stirpibus
1780 3399 1914 3458 imis

446 3483 652 3541 Emit:
695 3482 812 3541 illoe
841 3482 1020 3540 altum
1048 3481 1200 3540 nidis
1226 3477 1448 3558 petiere
1474 3480 1723 3553 relictis;
1768 3540 1773 3545 ,

443 3563 526 3619 At
552 3561 706 3624 rudis
735 3560 943 3620 enituit
966 3560 1214 3636 impulso
1240 3576 1477 3616 vomere
1507 3576 1761 3634 campus.

444 3639 598 3698 Nam
619 3642 824 3718 jejuna
842 3635 1084 3716 quidem
1111 3637 1312 3696 clivosi
1340 3636 1530 3712 glarea
1557 3636 1702 3695 ruris

445 3713 566 3776 Vix
591 3718 843 3776 humiles
870 3717 1074 3795 apibus
1099 3717 1283 3775 casias
1309 3733 1610 3792 roremque
1637 3715 1954 3774 ministrat·
1936 3755 1956 3789 ‚

447 3796 528 3858 Et
551 3796 763 3892 tophus
789 3795 1008 3870 scaber,
1029 3803 1090 3854 ct
1115 3794 1291 3871 nigris
1318 3813 1497 3856 exesa
1514 3793 1828 3873 chelydris

2282 700 2397 801 1'75

2281 1137 2393 1192 180

2283 1529 2396 1584 185

2285 1922 2398 1977 190

2289 2313 2402 2368 195

2285 2703 2404 2757 200

2288 3090 2405 3146 205

2288 3482 2409 3539 210
