2717 4300
362 329 482 386 128·
1167 331 1532 388 AENEIDOS

361 478 560 549 Quum
587 478 785 557 procul
815 479 1087 539 obscuros
1114 480 1293 539 colles
1319 480 1717 560 humilemque
1742 482 2011 543 videmus

358 556 603 615 Italiam.
689 557 914 617 Italiam
940 558 1158 635 primus
1185 560 1512 620 conclamat
1537 562 1830 636 Achates3

358 635 581 694 Italiam
611 635 744 694 laeto
771 637 913 695 socii
941 637 1188 696 clamore
1216 639 1483 697 salutant.

356 714 509 771 Tum
537 723 698 790 pater
724 715 1014 774 Anchises
1041 735 1313 792 magnum
1342 726 1561 776 cratera
1588 718 1800 777 corona

356 790 569 867 Induit,
598 790 974 870 implevitque
1001 814 1179 872 merc,
1208 796 1491 873 divosque
1517 798 1747 856 vocavit

356 872 526 928 Stans
555 871 712 929 celsa
737 872 797 929 in
824 872 1003 950 puppi
1030 893 1044 930 τ

350 948 451 1024 Di,
482 949 652 1006 maris
680 959 739 1008 et
763 959 927 1010 terrae
956 960 1476 1029 tempestatumque
1502 961 1789 1030 potentes,

349 1027 522 1085 Ferte
549 1027 703 1085 viam
732 1038 906 1088 vento
934 1029 1180 1105 facilem,
1211 1039 1271 1089 et
1295 1032 1505 1108 spirate
1534 1034 1791 1091 secundi.

349 1105 738 1166 Crebrescunt
763 1117 972 1185 optatae
1002 1128 1176 1184 aurae,
1204 1119 1521 1187 portusque
1547 1112 1794 1188 patescit

345 1183 381 1240 J
385 1203 476 1241 am
503 1186 752 1262 propior,
783 1187 1175 1265 templumque
1203 1199 1440 1265 apparet
1465 1190 1525 1247 in
1554 1209 1684 1248 aree
1711 1191 2017 1250 Minervae.

347 1260 500 1320 Vela
526 1263 728 1340 legunt
752 1266 1004 1342 socii,'et
1028 1286 1223 1343 proras
1252 1268 1324 1325 ad
1350 1268 1540 1326 littora
1564 1277 1847 1346 torquent.

346 1339 556 1400 Portus
585 1343 657 1401 ab
685 1344 883 1404 Euroo
910 1346 1088 1404 fluctu
1117 1355 1384 1405 curvatus
1410 1347 1471 1404 in
1500 1366 1692 1406 arcum
1715 1368 1732 1422 3
1846 1372 1851 1377 ’

349 1419 611 1498 Objectae
642 1422 791 1481 salsa
821 1433 1092 1502 spumant
1117 1425 1417 1501 aspergine
1445 1436 1639 1484 cautes
1664 1447 1676 1483 ε

349 1498 481 1576 Ipse
510 1500 649 1560 latet
671 1522 695 1559 ε.
727 1503 961 1578 gemino
990 1503 1299 1561 demittunt
1323 1503 1558 1561 brachia
1586 1523 1748 1561 muro

347 1576 564 1637 Turriti
591 1581 833 1657 scopuli,
863 1581 1183 1657 refugitque
1211 1581 1283 1638 ab
1310 1581 1499 1638 littore
1527 1582 1824 1658 templum.

428 1657 689 1727 Quatuor
716 1657 831 1733 hic,
860 1659 1108 1735 primum
1136 1678 1327 1731 omen,
1358 1678 1536 1736 equos
1564 1660 1621 1715 in
1651 1660 1907 1735 gramine
1932 1660 2054 1719 vidi

347 1733 683 1795 Tondentes
711 1756 977 1813 campum
1005 1734 1139 1810 late,
1168 1737 1415 1794 candore
1443 1738 1636 1794 nivali.

347 1812 429 1871 Et
453 1824 614 1891 pater
641 1815 929 1875 Anchises
952 1836 967 1873 z
1009 1815 1262 1890 Bellum,
1291 1835 1326 1872 o
1353 1824 1504 1874 terra
1529 1816 1774 1893 hospita,
1802 1825 1992 1894 portas
2016 1837 2032 1875 t

346 1891 515 1950 Bello
544 1902 830 1952 armantur
857 1894 1028 1970 equi;
1068 1893 1287 1952 bellum
1316 1893 1446 1952 haec
1475 1905 1730 1953 armenta
1757 1896 2064 1955 minantur.

349 1970 464 2028 Sed
493 1981 682 2029 tamen
711 1971 868 2031 idem
895 1973 1033 2030 olim
1061 1992 1231 2031 curru
1260 1974 1574 2032 succedere
1603 1975 1756 2032 sueti

347 2049 787 2127 Quadrupede8‚
817 2059 874 2109 et
900 2051 1079 2109 fraena
1096 2053 1240 2129 jugo
1268 2051 1576 2110 concordia
1599 2052 1747 2111 ferre
1771 2074 1784 2112 :

348 2127 495 2205 Spes
522 2138 580 2188 et
604 2130 785 2208 pacis,
816 2130 910 2190 ait.
995 2131 1151 2189 Tum
1179 2133 1420 2190 numina
1445 2139 1642 2190 sancta
1667 2151 1967 2210 precamur

344 2205 597 2266 Palladis
627 2209 946 2286 armisonae,
974 2230 1103 2287 quas
1133 2211 1317 2288 prima
1344 2212 1570 2289 accepit
1597 2220 1874 2287 ovantes;

344 2286 427 2344 Et
454 2288 643 2364 capita
668 2298 800 2347 ante
829 2308 952 2347 aras
979 2290 1235 2366 Phrygio
1262 2291 1523 2349 velamur
1550 2290 1761 2350 amictu
1786 2312 1799 2348 :

342 2365 774 2445 Praeceptisque
802 2369 1040 2446 Heleni,
1069 2369 1305 2427 dederat
1331 2389 1463 2446 quae
1488 2370 1760 2444 maxima,
1789 2366 1896 2428 rite

339 2444 376 2501 J
379 2446 555 2503 unoni
583 2448 816 2523 Argivae
836 2450 1029 2526 jussos
1058 2447 1352 2505 adolemus
1381 2448 1647 2505 honores.

423 2523 598 2582 Haud
625 2546 800 2602 mora,
831 2522 1122 2600 continuo,
1150 2526 1418 2602 perfectis
1446 2526 1646 2584 ordine
1673 2525 1843 2602 votis,

343 2600 576 2661 Cornua
600 2605 914 2662 velatarum
941 2604 1291 2662 obvertimus
1318 2615 1693 2663 antennarum
1715 2624 1733 2677 ;

342 2681 852 2759 Grajugenfimque
882 2682 1101 2757 domos,
1130 2690 1510 2760 suspectaque
1537 2682 1851 2760 linquimus
1878 2703 2032 2744 arva.

342 2758 501 2816 Hinc
530 2761 690 2817 sinus
718 2760 1013 2836 Herculei,
1044 2761 1093 2818 si
1120 2780 1255 2819 vera
1282 2771 1371 2819 est
1395 2762 1564 2836 sama,
1595 2762 1834 2821 Tarenti

341 2837 629 2896 Cernitur.
713 2839 944 2910 Attollit
966 2858 1028 2897 se
1057 2839 1192 2897 diva
1217 2840 1458 2898 Lacinia
1485 2838 1701 2915 contra,

341 2916 732 2993 Caulonisque
762 2937 938 2993 πεῖθε,
969 2928 1029 2976 et
1053 2919 1407 2996 navifragum
1441 2920 1799 2996 Scylaceum.

340 2994 495 3053 Tum
521 2997 719 3074 procul
750 3016 782 3054 e
809 2996 985 3055 fluctu
1014 2997 1313 3056 Trinacria
1338 3000 1590 3058 cernitur
1614 3000 1833 3059 AEtna:

341 3074 423 3132 Et
449 3076 726 3150 gemitum
753 3075 1047 3152 ingentem
1074 3076 1285 3153 pelagi,
1313 3079 1653 3156 pulsataque
1681 3099 1820 3137 saxa

341 3154 626 3212 Audimus
653 3152 846 3232 longe,
874 3154 1194 3232 fractasque
1223 3159 1294 3214 ad
1322 3158 1510 3216 littora
1535 3177 1745 3230 voces3

341 3233 765 3311 Exsultantque
792 3234 960 3311 vada,
991 3243 1159 3311 atque
1187 3245 1326 3294 aestu
1357 3237 1672 3296 miscentur
1696 3252 1904 3293 arenae.

341 3311 425 3369 Et
447 3323 609 3390 pater
633 3314 920 3373 Anchises
943 3334 958 3372 τ
1001 3315 1291 3373 Nimirum
1321 3314 1451 3373 haec
1477 3316 1576 3373 illa
1603 3310 1963 3389 Charybdis:

341 3389 764 3450 Hos‘Helenus
792 3393 1077 3471 scopulos,
1105 3394 1231 3452 haec
1261 3413 1401 3451 saxa
1426 3392 1726 3466 horrenda,
1756 3390 2015 3449 canebat.

341 3468 583 3545 Eripite,
614 3490 648 3527 o
677 3471 837 3546 socii,
866 3474 1190 3550 pariterque
1215 3473 1492 3548 insurgite
1517 3471 1708 3530 remis·

342 3547 516 3604 Haud
545 3546 736 3607 minus
767 3570 832 3608 ac
851 3553 1002 3629 jussi
1028 3552 1281 3610 faciunt:
1323 3552 1654 3628 primusque
1682 3550 1984 3608 rudentem

342 3625 634 3685 Contorsit
657 3628 833 3687 Iaevas
858 3650 1083 3706 proram
1110 3630 1416 3689 Palinurus
1444 3630 1516 3686 ad
1541 3628 1763 3701 undas3

340 3705 576 3763 Laevam
606 3714 812 3765 cuneta
838 3708 1043 3766 cohors
1070 3708 1243 3766 remis
1269 3707 1571 3782 ventisque
1592 3706 1819 3801 petivit.

339 3782 627 3842 Tollimur
653 3786 713 3842 in
742 3786 951 3844 coelum
978 3795 1211 3843 curvato
1239 3786 1480 3860 gurgite,
1509 3793 1568 3843 et
1593 3786 1749 3843 idem

343 3860 639 3921 Subducta
667 3863 738 3920 ad
765 3863 975 3921 Manes
1000 3863 1147 3920 imos
1175 3862 1488 3920 desidimus
1515 3864 1690 3923 unda.

2204 725 2321 781 525

2199 1119 2315 1174 530

2194 1509 2311 1564 535

2192 1890 2309 1957 ’540

2180 2686 2301 2744 550

2186 3083 2302 3137 555

2182 3476 2299 3531 560

2180 3866 2297 3922 565
