2717 4300
1278 267 1511 327 LIBER
1547 268 1620 326 11.
1782 270 1791 283 “
2318 270 2426 339 m

470 414 685 476 Vincla
701 415 874 496 jubet
896 413 1200 491 Priamus3
1241 416 1523 496 dictisque
1550 418 1632 477 ita
1656 418 1805 479 satur
1830 419 2071 481 amicis:

443 496 456 505 '
475 496 752 574 Quisquis
781 515 864 571 es,
889 497 1133 555 amissos
1159 497 1298 555 hinc
1317 500 1442 575 jam
1471 496 1810 556 obliviscere
1839 499 2082 574 Graios;

470 574 688 633 Noster
714 574 825 632 eris
847 594 863 647 3
907 574 1166 650 mihique
1194 575 1322 633 haec
1350 576 1601 633 edissere
1628 595 1766 634 vera
1790 577 2029 654 roganti.

474 650 610 723 Quo
641 653 854 710 molem
881 652 1032 719 hanc
1059 654 1328 711 immanis
1354 655 1492 729 equi
1521 652 1814 713 statuere?
1856 656 1985 732 quis
2014 656 2256 714 auctor?
2311 657 2427 719 150

474 731 707 802 Quidve
732 732 983 808 petunt?
1025 750 1155 807 quae
1184 731 1450 807 relligio?
1493 741 1590 791 aut
1615 751 1745 808 quae
1775 735 2044 794 machina
2067 733 2250 794 belli?

471 810 732 867 Dixerat.
819 809 947 883 Ille,
976 809 1121 867 dolis
1148 810 1464 868 instructus
1492 819 1551 868 et
1577 819 1696 869 arte
1723 811 1988 889 Pelasga,

473 887 717 946 Sustulit
743 895 944 945 exutas
970 888 1177 949 vinclis
1204 889 1275 945 ad
1303 888 1493 946 sidera
1517 888 1738 964 palmas
1763 909 1776 947 ε

470 963 615 1041 Vos,
646 966 845 1023 aeterni
871 965 1053 1041 ignes,
1083 976 1143 1025 et
1169 985 1286 1027 non
1314 966 1583 1024 violabile
1609 976 1866 1026 vestrum

470 1043 679 1104 Testor
703 1063 942 1119 numen,
971 1045 1085 1118 ait3
1127 1063 1251 1119 vos,
1280 1049 1414 1118 arae,
1445 1063 1728 1122 ensesque
1755 1044 2010 1123 nefandi,
2306 1046 2419 1106 15³

473 1123 638 1193 Quos
664 1123 823 1197 fugi;
866 1123 1140 1199 vittaeque
1167 1123 1363 1197 deum,
1392 1143 1533 1198 quas
1558 1123 1747 1182 hostia
1770 1125 1960 1200 gessi;
2379 1124 2386 1131 ’

470 1200 585 1269 Fas
612 1201 755 1259 mihi
783 1201 1089 1258 Graiorum
1117 1209 1335 1259 sacrata
1361 1201 1647 1260 resolvere
1665 1205 1817 1280 jura,

469 1277 585 1337 Fas
611 1279 800 1337 odisse
826 1279 998 1354 viros,
1027 1287 1199 1356 atque
1226 1280 1425 1341 omnia
1448 1279 1595 1337 ferre
1622 1280 1730 1338 sub
1759 1300 1942 1356 auras,

471 1357 536 1414 Si
563 1377 678 1434 qua
701 1365 940 1432 tegunt:
982 1365 1182 1428 teneor
1205 1358 1405 1434 patriae
1433 1377 1543 1417 nec
1570 1359 1792 1434 legibus
1819 1359 1971 1417 ullis.

468 1434 564 1493 Tu
594 1431 764 1494 modo
792 1435 1087 1511 promissis
1114 1439 1369 1510 maneas,
1399 1445 1736 1513 servataque
1764 1456 1974 1513 serves,
1999 1454 2007 1460 ·
2305 1440 2417 1496 160

468 1514 666 1593 Troja,
695 1515 890 1588 fidem,
920 1514 969 1572 si
996 1534 1131 1573 vera
1155 1514 1352 1590 feram,
1382 1515 1432 1572 si
1462 1535 1667 1590 magna
1692 1517 2022 1593 rependam.
2105 1518 2109 1522 ’

531 1592 754 1651 'Omnis
780 1612 912 1669 spes
938 1593 1228 1669 Danaum,
1258 1602 1316 1652 et
1342 1594 1517 1671 coepti
1546 1594 1756 1653 fiducia
1782 1594 1939 1669 belli,

466 1669 720 1729 Palladis
748 1671 976 1737 auxiliis
1003 1691 1232 1748 semper
1257 1673 1430 1732 stetit.
1517 1673 1739 1750 Impius
1767 1693 1844 1731 ex
1869 1692 1985 1749 quo

469 1749 729 1825 Tydides
755 1750 858 1808 sed
885 1750 1060 1824 enim,
1088 1750 1482 1827 scelerumque
1509 1751 1773 1809 inventor
1799 1751 2062 1828 Ulysses,
2081 1808 2098 1823 ,

467 1826 667 1895 Fatale
696 1829 945 1905 aggressi
971 1836 1189 1888 sacrato
1216 1829 1464 1888 avellere
1493 1830 1710 1906 templo
2304 1831 2417 1889 16⁶

466 1906 811 1981 Palladium,
842 1908 1014 1969 caesis
1033 1926 1274 1975 summae
1302 1907 1635 1966 custodibus
1663 1908 1828 1983 arcis„

467 1983 812 2062 Corripuere
839 2004 1058 2044 sacram
1087 1985 1355 2063 effigiem,
1387 1986 1773 2064 manibusque
1795 1985 2048 2044 cruentis

467 2063 772 2139 Virg'ineas
793 2063 918 2129 ausi
944 2064 1093 2123 divae
1122 2066 1456 2140 contingere
1483 2064 1690 2138 vittam

467 2141 565 2201 Ex
592 2142 689 2201 illo
716 2141 897 2201 fluere
929 2162 994 2200 ac
1022 2152 1170 2202 retro
1196 2142 1468 2220 sublapsa
1493 2142 1686 2201 referri

468 2221 616 2298 Spes
644 2221 933 2296 Danaum,
963 2221 1156 2280 fractae
1183 2222 1356 2294 vires,
1388 2240 1586 2282 aversa
1611 2222 1736 2279 deae
1765 2239 1947 2279 mens.
2225 2287 2233 2293 ,
2300 2224 2415 2284 1⁷0

367 2302 393 2314 “
465 2298 529 2360 N
529 2315 597 2364 ee
624 2300 814 2359 dubiis
842 2319 913 2357 ea
939 2300 1103 2376 signa
1127 2301 1287 2360 dedit
1314 2299 1577 2368 Tritonia
1603 2299 1906 2358 monstris:

465 2376 592 2437 Vix
618 2379 867 2456 positum
896 2379 1094 2438 castris
1121 2379 1514 2454 simulacrum,
1544 2376 1733 2437 arsere
1759 2396 2010 2437 coruscae

465 2457 810 2515 Luminibus
836 2456 1083 2515 flammae
1111 2458 1359 2533 arrectis,
1389 2458 1685 2534 salsusque
1711 2477 1816 2535 per
1842 2464 1992 2516 artus

467 2536 655 2595 Sudor
679 2536 781 2609 iit3
826 2544 1029 2613 terque
1052 2540 1177 2614 ipsa
1204 2537 1325 2594 solo
1361 2535 1650 2612 (mirabile
1679 2534 1871 2613 dictu)

464 2614 739 2692 Emicuit,
768 2634 1137 2692 parmamque
1163 2615 1351 2674 ferens
1380 2615 1718 2693 hastamque
1745 2621 2106 2674 trementem.
2300 2619 2417 2676 175
2478 2657 2483 2664 ·

465 2692 780 2770 Extemplo
809 2694 1080 2751 tentanda
1103 2694 1242 2770 fuga
1266 2695 1424 2752 canit
1450 2714 1680 2771 aequora
1706 2691 1972 2770 Calchas,

463 2772 524 2830 N
527 2792 594 2830 ec
620 2791 791 2849 posse
819 2771 1103 2848 Argolicis
1132 2773 1395 2832 exscindi
1421 2774 1705 2849 Pergama
1728 2771 1876 2847 telis,

465 2851 678 2909 Omina
704 2850 763 2909 ni
789 2858 1049 2927 repetant
1076 2851 1265 2926 Argis,
1290 2871 1626 2928 numenque
1654 2851 1926 2910 reducant

465 2929 638 2999 Quod
664 2929 868 3006 pelago
897 2937 957 2987 et
982 2928 1169 2987 curvis
1191 2948 1396 2987 secum
1423 2927 1667 2988 avexere
1693 2929 1918 2987 carinis.

464 3007 546 3066 Et
571 3027 743 3082 nunc,
771 3004 926 3084 quod
952 3006 1162 3083 patrias
1187 3015 1361 3065 vento
1390 3006 1609 3084 petiere
1634 3006 1937 3083 Mycenas,
2299 3009 2413 3068 180

463 3089 642 3148 Arma
667 3085 922 3164 deosque
946 3093 1150 3163 parant
1174 3085 1415 3144 comites
1436 3105 1453 3159 3
1494 3085 1812 3163 pelagoque
1840 3103 2106 3144 remenso

465 3163 768 3241 Improvisi
795 3166 1070 3223 aderunt:
1114 3164 1193 3222 ita
1219 3163 1427 3240 digerit
1452 3163 1644 3224 omina
1670 3163 1936 3222 Calchas.

463 3242 653 3317 Hanc,
682 3261 784 3320 pro
807 3243 1092 3318 Palladio,
1122 3242 1343 3318 moniti,
1374 3263 1475 3320 pro
1500 3242 1747 3300 numine,
1764 3242 1925 3315 laeso,

462 3321 734 3398 Effigiem
763 3319 1031 3396 statuere,
1059 3320 1221 3380 nefas
1247 3341 1377 3398 quae
1406 3321 1561 3380 triste
1588 3320 1787 3397 piaret.

462 3399 632 3460 Hanc
660 3410 851 3459 tamen
879 3400 1222 3462 immensam
1252 3393 1499 3459 Calchas
1527 3398 1785 3456 attollere
1811 3396 2027 3458 molem
2299 3397 2410 3458 18³

461 3478 791 3540 Roboribus
817 3479 1008 3553 texti3‚
1038 3478 1300 3555 coeloque
1328 3478 1595 3550 educere,
1617 3475 1810 3555 jussit,

461 3558 557 3617 Ne
585 3559 762 3635 recipi
789 3558 966 3634 portis
996 3565 1095 3618 aut
1122 3557 1255 3615 duci
1281 3557 1340 3614 in
1371 3555 1585 3614 moenia
1611 3555 1809 3632 possit,

461 3636 596 3695 Neu
624 3637 904 3714 populum
933 3638 1166 3714 antiqua
1194 3634 1298 3694 sub
1328 3634 1626 3709 relligione
1653 3635 1818 3693 tueri.

458 3716 616 3775 Nam
643 3716 695 3775 si
722 3724 908 3773 vestra
934 3734 1136 3773 manus
1163 3714 1435 3773 violasset
1458 3714 1613 3773 dona
1638 3713 1945 3789 Minervae,

455 3794 611 3854 Tum
640 3811 910 3867 magnum
942 3792 1374 3905 effitiummuod
1401 3791 1461 3852 di
1485 3791 1646 3871 prius
1674 3812 1855 3860 omen,
1872 3792 1935 3850 in
1960 3790 2154 3868 ipsum
2295 3789 2411 3848 190
