2717 4300
320 334 429 391 210
1142 321 1509 385 AENEID‘OS

326 481 607 557 Corniger
632 480 1028 558 Hesperidum
1054 478 1262 536 fluvius
1291 488 1555 554 regnator
1582 496 1875 553 aquarum.

325 560 499 618 Adsis
526 580 561 617 o
588 556 830 633 tantum,
860 566 919 616 et
942 553 1177 635 propius
1205 568 1304 615 tua
1328 557 1568 613 numina
1594 556 1803 613 firmes.

408 638 504 695 Sic
531 646 827 710 memorat,
855 637 1227 712 geminasque
1255 634 1397 709 legit
1423 635 1496 691 de
1524 633 1706 708 classe
1732 634 2000 712 bii-emen,

324 714 717 790 Remigioque
746 722 933 790 aptat;
976 714 1164 771 socios
1192 713 1361 774 simul
1392 713 1621 789 instruit
1648 713 1839 775 armis.

323 792 489 850 Ecce
519 801 731 866 autem,
760 791 1014 849 subitum
1043 801 1214 867 atque
1242 790 1424 848 oculis
1453 789 1712 848 mirabile
1739 793 2078 868 monstrum,

327 871 590 928 Candida
616 887 719 947 per
745 869 947 927 silvam
972 889 1107 925 cum
1134 869 1276 927 soetu
1305 868 1576 926 concolor
1604 868 1734 925 albo

326 948 657 1022 Procubuit,
686 947 967 1023 viridique
993 948 1053 1004 in
1074 948 1262 1004 littore
1291 946 1659 1022 conspicitur,
1688 966 1821 1005 sus:

330 1025 521 1096 Quam
546 1026 676 1103 pius
702 1026 926 1083 AEneas
952 1024 1058 1082 tibi
1085 1025 1260 1099 enim,
1289 1023 1414 1098 tibi,
1446 1024 1698 1080 maxima
1720 1025 1894 1101 Juno,

327 1103 566 1179 Mactat,
595 1124 754 1161 sacra
779 1103 988 1177 ferens,
1018 1110 1076 1160 et
1101 1121 1234 1159 eum
1261 1120 1437 1177 grege
1465 1101 1613 1159 sistit
1639 1103 1710 1159 ad
1738 1123 1911 1160 aram.

328 1180 538 1257 Tybris
565 1182 635 1240 ea
662 1182 921 1257 fluvium,
953 1177 1127 1258 quam
1155 1179 1328 1253 longa
1355 1187 1463 1253 est,
1491 1188 1664 1238 nocte
1689 1188 2011 1241 tumentem

328 1259 541 1334 Leniit,
570 1267 630 1317 et
654 1259 827 1317 tacita
854 1259 1105 1316 refluens
1131 1258 1212 1315 ita
1237 1257 1493 1315 substitit
1517 1258 1693 1332 unda,

326 1336 492 1395 Mitis
519 1345 584 1395 ut
607 1338 665 1394 in
694 1356 913 1394 morem
940 1336 1125 1412 stagni
1149 1335 1513 1413 placidaeque
1539 1335 1766 1411 paludis

330 1415 623 1473 Sterneret
649 1433 843 1491 aequor
869 1415 1051 1489 aquis,
1080 1432 1242 1471 remo
1269 1413 1333 1470 ut
1359 1414 1651 1472 luctamen
1680 1414 1924 1475 abesset·

327 1492 485 1568 Ergo
512 1492 622 1551 iter
646 1492 944 1569 inceptum
973 1492 1226 1549 celerant
1252 1510 1485 1549 rumore
1509 1492 1787 1550 secundo.

326 1570 567 1628 Labitur
589 1579 766 1626 uncta
791 1568 951 1626 vadis
979 1569 1169 1625 abies:
1214 1569 1490 1625 mirantur
1517 1576 1576 1626 et
1599 1570 1789 1648 undae,

327 1647 573 1705 Miratur
593 1654 801 1704 ‘nemus
827 1645 1118 1702 insuetum
1145 1645 1426 1721 fulgentia
1451 1643 1622 1722 longe

327 1725 506 1782 Scuta
530 1724 716 1783 viram
742 1723 938 1798 fluvio,
965 1724 1261 1799 pictasque
1291 1724 1493 1781 innare
1521 1725 1764 1783 carinas.

327 1801 446 1859 Olli
471 1801 707 1877 remigio
736 1810 962 1859 noctem
1002 1821 1077 1862 ue
1104 1802 1376 1877 diemque
1402 1803 1659 1879 fatigant,

326 1879 409 1938 Et
432 1880 634 1956 longos
661 1888 936 1956 superant
1001 1898 1165 1954 exuS,
1193 1880 1480 1957 variisque
1508 1890 1782 1957 teguntur

323 1958 661 2034 Arboribus,
686 1959 1013 2034 viridesque
1041 1966 1240 2016 secant
1263 1958 1494 2035 placido
1523 1978 1753 2034 aequore
1781 1959 1971 2018 silvas-

329 2036 427 2093 Sol
456 2036 710 2094 medium
738 2036 871 2095 coeli
897 2036 1311 2095 conscenderat
1337 2038 1543 2114 igneus
1572 2038 1790 2114 orbem,

329 2113 527 2185 Quum
555 2134 764 2192 murOS,
795 2134 1103 2192 arcemque
1173 2114 1349 2191 rocul,
1380 2136 1447 2174 ac
1475 2135 1599 2175 rara
1627 2117 1925 2175 domorum

325 2191 509 2252 Tecta
534 2194 751 2270 vident,
779 2213 910 2270 quae
936 2214 1094 2252 nunc
1182 2215 1388 2252 omana
1413 2196 1671 2272 potentia
1696 2196 1844 2254 eoelo

322 2270 633 2347 AEquavit3
676 2282 799 2332 tum
826 2292 917 2331 res
945 2272 1148 2350 inopes
1176 2273 1485 2331 Euandrus
1506 2272 1772 2333 habebat.

327 2347 508 2408 Ocius
536 2350 841 2410 advertunt
864 2371 1080 2430 proraS‚
1110 2350 1353 2428 urbique
1381 2352 1783 2429 propinquant.
1889 2408 1894 2409 ff

401 2425 576 2487 Forte
606 2429 700 2487 die
728 2430 1044 2487 solemnem
1073 2429 1172 2486 illo
1200 2448 1303 2487 rex
1329 2432 1510 2487 Arcas
1536 2429 1814 2488 honorem

322 2506 859 2584 Amphitryoniadae
888 2527 1096 2583 magno
1125 2507 1387 2583 divisque
1414 2507 1632 2565 serebat

321 2585 477 2642 Ante
503 2584 701 2642 urbem
729 2585 788 2643 in
817 2585 982 2642 luco:
1049 2584 1238 2642 Pallas
1266 2585 1405 2642 huic
1434 2584 1586 2642 filius
1612 2586 1749 2660 una,
1913 2646 1922 2651 .

322 2659 461 2719 Una
487 2681 688 2720 omnes
707 2665 992 2740 juvenum
1019 2662 1210 2738 primi,
1239 2680 1571 2738 pauperque
1599 2671 1851 2738 senatuS‚

322 2737 523 2796 Thura
548 2739 778 2814 dabant,
805 2740 1151 2816 tepidusque
1179 2758 1344 2801 cruor
1370 2739 1627 2798 fumabat
1647 2741 1716 2797 ad
1747 2760 1887 2799 aras.

321 2815 409 2876 Ut
432 2815 614 2875 celsas
641 2815 839 2875 videre
866 2825 1034 2892 rates,
1065 2825 1234 2892 atque
1259 2818 1412 2875 inter
1438 2837 1679 2894 opacum

319 2894 516 2952 Allabi
542 2914 767 2970 nemus,
797 2903 855 2953 et
880 2895 1067 2953 tacitis
1094 2895 1429 2953 incumbere
1457 2896 1667 2971 remis;

319 2971 633 3032 Terrentur
657 2972 785 3031 visu
813 2973 1021 3049 subito,
1049 2974 1353 3050 cunctique
1381 2974 1594 3033 relictis

319 3050 687 3128 Consurgunt
712 3051 943 3109 mensis.
1028 3052 1238 3109 Audax
1264 3071 1410 3128 quos
1438 3072 1701 3131 rumpere
1730 3051 1920 3111 Pallas
2020 3118 2025 3122 ‚

322 3129 497 3189 Sacra
520 3137 694 3204 vetat,
721 3132 998 3206 raptoque
1024 3130 1180 3187 volat
1205 3130 1320 3188 telo
1348 3130 1556 3189 obvius
1585 3131 1742 3208 ipse;

320 3207 404 3266 Et
426 3208 629 3285 procul
657 3226 690 3265 e
716 3207 972 3265 tumulo:
1012 3207 1290 3284 JuveneS,
1320 3228 1449 3285 quae
1479 3204 1652 3267 causa
1676 3204 1904 3280 subegit

321 3285 555 3360 Ignotas
581 3293 801 3344 tentare
828 3286 996 3343 vias?
1036 3283 1152 3361 quo
1180 3287 1457 3344 tenditis?
1498 3285 1699 3361 inquit.

320 3362 443 3433 Qui
469 3366 693 3439 genus?
734 3364 889 3422 unde
918 3364 1132 3456 domo?
1173 3383 1453 3455 pacemne
1481 3362 1598 3420 hue
1625 3360 1803 3435 sertia,
1832 3380 1906 3419 an
1934 3363 2131 3420 arma?

319 3438 475 3496 Tum
501 3448 663 3517 pater
686 3441 908 3501 AEneas
933 3461 1117 3520 puppi
1147 3461 1229 3517 sic
1255 3442 1406 3500 satur
1433 3440 1502 3498 ab
1533 3438 1667 3515 alta,

317 3516 707 3595 Paciferaeque
734 3538 908 3577 manu
935 3539 1155 3578 ramum
1183 3519 1489 3597 praetendit
1515 3517 1683 3574 olivae
1707 3536 1722 3573 t

318 3592 675 3687 Trojugenas
703 3614 769 3653 ac
796 3597 911 3655 tela
936 3598 1101 3659 vides
1127 3597 1363 3654 inimica
1388 3593 1628 3671 Latinis,

320 3670 485 3742 Quos
510 3672 596 3730 1lli
620 3672 776 3731 bello
801 3674 1072 3750 profugos
1100 3672 1272 3749 egere
1300 3671 1565 3750 superbo,

316 3748 656 3808 Evandrum
681 3750 968 3826 petimus:
1011 3750 1154 3808 ferte
1181 3750 1329 3826 haec,
1359 3759 1419 3809 et
1445 3750 1618 3808 dicite
1646 3751 1830 3808 lectos

315 3825 624 3905 Dardaniae
650 3826 880 3885 venisse
907 3825 1105 3900 duces,
1134 3826 1290 3884 socia
1315 3846 1473 3885 arma
1498 3836 1780 3905 rogantes.

2210 1887 2286 1941 95

2173 2278 2284 2332 100

2173 2669 2283 2722 105

2149 3056 2280 3109 -110

2165 3443 2275 3497 115

2162 3829 2364 3887 120,
