2717 4300
1167 306 1397 362 LIBER.
1434 305 1561 361 VII.

385 451 666 528 Rimanti,
695 454 872 513 telum
899 454 982 512 ira
1007 455 1156 515 facit.
1239 454 1430 513 Vocat
1456 454 1686 530 agmina
1710 451 2026 529 Tyn-heus,
2053 539 2060 544 ἢ

390 533 788 606 Quadrifidam
816 551 1086 609 quercum
1115 532 1316 591 cuneis
1342 541 1407 591 ut
1433 529 1576 590 forte
1605 533 1817 590 coactis

391 610 720 687 Scindebat,
749 611 910 687 rapta
937 610 1154 687 spirans
1181 606 1432 668 immane
1463 610 1664 667 securi.

388 692 469 750 At
494 708 649 747 saeva
675 707 708 746 e
735 683 984 765 speculis
1011 697 1242 765 tempus
1269 688 1381 745 dea
1404 697 1573 745 nacta
1598 686 1846 746 nocendi

387 768 586 826 Ardua
610 775 761 825 tecta
783 763 929 843 petit
956 766 1180 842 stabuli,
1210 773 1269 824 et
1294 765 1367 823 de
1394 765 1643 824 culmine
1671 783 1900 824 summo

389 845 681 904 Pastorale
708 846 862 903 canit
887 845 1135 919 signum,
1164 862 1458 919 cornuque
1483 862 1720 902 recurvo

390 923 719 981 Tartaream
744 923 991 980 intendit
1016 941 1221 979 vocem
1242 941 1259 995 ;
1302 922 1418 998 qua
1439 930 1715 998 protenus
1739 938 1913 979 omne

390 1000 755 1059 Contremuit
779 1019 1003 1076 nemuS,
1032 1009 1091 1058 et
1117 1000 1276 1058 silvae
1303 997 1604 1057 intonuere
1629 997 1947 1077 profundoe.

392 1078 591 1136 Audiit
617 1085 677 1135 et
701 1077 913 1135 Triviae
942 1076 1112 1153 longe
1141 1078 1337 1151 lacus3
1382 1078 1561 1135 audiit
1586 1078 1769 1135 amnis

395 1156 656 1214 Sulfurea
682 1156 807 1214 Nar
832 1155 992 1213 albus
1020 1157 1188 1250 aqua,
1216 1156 1516 1232 fontesque
1541 1154 1780 1229 Velini;

394 1235 476 1292 Et
500 1233 734 1309 trepidae
763 1241 969 1291 matres
994 1252 1253 1310 pressere
1280 1234 1352 1291 ad
1378 1242 1613 1311 pectora
1638 1241 1819 1291 natos.

395 1312 548 1369 Tum
574 1308 711 1368 vero
741 1312 813 1368 ad
838 1331 1043 1368 vocem
1069 1311 1305 1385 celeres,
1333 1311 1448 1388 qua
1473 1310 1723 1368 buccina
1747 1310 1977 1390 signum

394 1390 536 1448 Dira
561 1390 736 1465 dedit,
766 1390 937 1466 raptis
964 1397 1306 1447 concurrunt
1331 1389 1584 1466 undique
1611 1387 1741 1447 telis

395 1467 666 1527 Indomiti
694 1466 992 1542 agricolae3
1036 1486 1144 1525 nec
1171 1486 1285 1524 non
1315 1475 1374 1526 et
1400 1467 1577 1524 Troi'a
1598 1464 1787 1543 pubes

392 1545 643 1604 Ascanio
672 1545 950 1603 auxilium
976 1546 1176 1603 castris
1203 1544 1447 1603 effundit
1473 1544 1698 1621 apertis·

395 1621 681 1682 Direxere
709 1623 859 1681 acies
884 1643 899 1682 ι
940 1643 1056 1680 non
1077 1626 1201 1701 jam
1230 1623 1541 1682 certamine
1568 1623 1795 1699 agresti,

396 1701 699 1779 Stipitibus
724 1701 881 1759 duris
909 1702 1109 1777 agitur,
1139 1700 1446 1760 sudibusve
1471 1702 1771 1779 praeustis;

397 1780 514 1837 Sed
540 1779 687 1836 ferro
715 1779 949 1856 ancipiti
976 1780 1308 1855 decernunt,
1337 1789 1569 1855 atraque
1596 1775 1710 1837 late

397 1858 693 1915 Horrescit
717 1857 923 1915 strictis
951 1876 1115 1933 seges
1140 1857 1377 1916 ensibus
1426 1875 1651 1934 aeraque
1678 1855 1900 1933 fulgent

399 1935 533 1993 Sole
553 1935 835 2011 lacessita,
865 1942 924 1992 et
949 1935 1138 1993 lucem
1166 1935 1271 1993 sub
1298 1900 1500 1992 nubila
1514 1937 1774 2012 jactant:

398 2014 635 2072 Fluctus
662 2013 743 2070 uti
768 2014 953 2090 primo
980 2013 1155 2089 coepit
1181 2032 1358 2090 quum
1388 2011 1677 2071 albescere
1700 2019 1897 2087 vento,

396 2087 681 2150 Paulatim
710 2110 835 2150 sese
862 2091 1010 2150 tollit
1035 2109 1210 2166 mare,
1239 2099 1297 2148 et
1324 2088 1491 2148 altius
1518 2090 1703 2148 undas

402 2170 603 2245 Erigit,
630 2170 765 2227 inde
793 2170 909 2226 imo
937 2168 1227 2243 consurgit
1252 2169 1323 2226 ad
1350 2169 1563 2226 aethera
1587 2168 1782 2226 fundo.

399 2247 518 2305 Hic
536 2247 770 2325 juvenis
794 2247 1037 2324 primam
1065 2253 1196 2303 ante
1223 2246 1430 2320 aciem,
1457 2246 1729 2304 stridente
1756 2244 1978 2322 sagitta,

398 2326 681 2385 Natorum
706 2325 761 2381 T
854 2324 952 2382 hei
979 2324 1162 2383 fuerat
1224 2324 1284 2382 ui
1310 2324 1615 2396 maximus,
1643 2324 1818 2381 Almo

402 2403 680 2461 Sternitur
703 2422 716 2460 :
804 2403 931 2460 aesit
954 2403 1112 2469 enim
1140 2422 1207 2461 su
1276 2409 1503 2478 gutture
1531 2401 1760 2478 vulnus,
1792 2409 1851 2460 et
1874 2401 2005 2459 udae

399 2481 580 2538 Vocis
606 2481 713 2538 iter
738 2488 1088 2557 tenuemque
1114 2480 1349 2538 inclusit
1376 2480 1653 2555 sanguine
1678 2479 1874 2538 vitam.

400 2559 656 2635 Corpora
682 2558 862 2616 multa
886 2558 1073 2616 virum
1100 2555 1288 2629 circa3
1332 2558 1633 2634 seniorque
1661 2557 1943 2633 Galaesus,

399 2637 556 2694 Dum
585 2637 712 2712 paci
738 2637 992 2693 medium
1020 2655 1082 2694 se
1108 2636 1293 2711 offert,
1312 2636 1666 2713 justissimus
1691 2655 1843 2695 unus

401 2714 517 2785 Qui
546 2713 668 2789 fuit,
697 2714 1079 2790 Ausoniisque
1108 2713 1243 2772 olim
1270 2715 1584 2773 ditissimus
1612 2715 1799 2773 arvis:

402 2793 676 2868 Quinque
704 2811 904 2868 greges
929 2793 1013 2850 illi
1038 2792 1352 2867 balantum,
1382 2793 1558 2870 quina
1583 2793 1846 2851 redibant

402 2873 695 2943 Armenta,
723 2879 781 2928 et
806 2879 1010 2928 terram
1040 2878 1270 2928 centum
1297 2872 1556 2929 vertebat
1581 2872 1822 2930 aratris„

478 2951 668 3024 Atque
695 2967 766 3005 ea
789 2966 895 3025 per
917 2950 1149 3023 campos
1177 2966 1343 3023 aequo
1371 2950 1513 3006 dum
1539 2949 1731 3007 Marte
1757 2954 2050 3026 geruntur,

402 3025 679 3085 Promissi
704 3026 814 3083 dea
839 3025 991 3095 facta
1015 3033 1240 3100 potenS,
1268 3026 1372 3084 ubi
1399 3027 1676 3103 sanguine
1701 3027 1919 3086 bellum

405 3104 640 3179 Imbuit‚
669 3112 727 3161 et
750 3103 951 3180 primae
980 3102 1265 3160 commisit
1290 3103 1494 3162 funera
1516 3123 1745 3182 pugnae,

403 3183 635 3240 Deserit
660 3182 1020 3257 Hesperiam,
1050 3190 1126 3256 et,
1156 3181 1286 3239 coeli
1314 3200 1592 3241 conversa
1615 3202 1719 3260 per
1742 3202 1926 3260 auras,

400 3261 690 3319 Junonem
712 3260 920 3331 ‘victrix
947 3259 1150 3318 affatur
1175 3279 1317 3317 voce
1345 3260 1628 3338 superbit:

404 3340 499 3396 En
527 3339 778 3415 perfecta
802 3337 905 3396 tibi
929 3337 1084 3395 bello
1112 3339 1398 3396 discordia
1422 3339 1599 3398 tristi:

403 3418 518 3476 Dic
543 3417 604 3474 in
633 3415 939 3474 amicitiam
966 3421 1191 3491 coeant,
1221 3425 1279 3475 et
1304 3417 1522 3475 foedera
1539 3419 1823 3495 jungant3

406 3493 892 3570 Quandoquidem
916 3496 1174 3553 Ausonio
1203 3494 1448 3571 respersi
1475 3493 1754 3570 sanguine
1782 3493 2055 3554 Teucros.

406 3573 539 3630 Hoc
568 3573 740 3630 etiam
767 3571 858 3629 his
887 3573 1112 3647 addam,
1140 3581 1240 3631 tua
1267 3573 1316 3631 si
1344 3572 1489 3630 mihi
1517 3579 1671 3649 qerta
1696 3571 1998 3646 voluntas3

405 3651 710 3710 Finitimas
735 3650 795 3706 in
823 3649 974 3706 bella
1000 3651 1177 3708 feram
1205 3649 1527 3708 rumoribus
1554 3649 1742 3724 urbes,

406 3729 852 3802 Accendamque
879 3728 1099 3786 animos
1125 3728 1310 3787 insani
1337 3728 1543 3786 Martis
1571 3747 1782 3804 amore,

408 3807 681 3883 Undique
708 3814 774 3862 ut
801 3805 1011 3865 auxilio
1039 3807 1303 3881 veniant3
1347 3826 1605 3886 spargam
1634 3826 1788 3865 arma
1812 3825 1919 3885 per
1944 3823 2124 3882 agros.

2229 304 2330 360 21⁸1

2223 613 2338 667 510

2225 1003 2340 1056 515

2227 1394 2340 1448 520

2226 1782 2341 1854 525

2226 2171 2342 2227 530

2229 2560 2344 2615 535

2227 2951 2345 3005 540

2235 3340 2348 3396 545

2236 3732 2351 3785 550
