2717 4300
319 280 427 343 los
1125 280 1487 335 AENElDos
1508 337 1516 345 .

325 429 633 501 Quondam
663 428 837 486 etiam
863 428 1031 487 victis
1058 428 1242 487 redit
1225 448 1286 487 ιιι
1312 428 1630 506 praecordia
1653 428 1877 488 virtus
1863 445 1876 458 ·

295 580 298 584 Α
322 507 704 583 Victoresque
731 508 949 564 cadunt
973 507 1197 564 Danai.
1240 507 1490 565 crudelis
1516 506 1733 599 ubique

324 587 565 660 Luctus,
594 585 805 660 ubique
830 583 1028 661 pavo'r
1058 593 1119 643 et
1143 585 1391 661 plurima
1419 586 1616 643 mortis
1644 587 1854 662 imago.

402 663 631 721 Primus
657 682 740 738 se,
768 662 1040 721 Danaum
1066 682 1275 738 magna
1302 664 1615 722 comitante
1642 665 1898 740 cater

324 742 664 816 Androgeus
691 740 858 799 offert
882 741 1070 816 nobis,
1100 741 1256 799 socia
1282 742 1511 817 agmina
1535 743 1783 801 credens

326 819 583 892 Inscius;
628 828 798 896 atque
826 818 972 878 ultro
1000 819 1192 879 verbis
1217 819 1528 896 compellat
1555 821 1790 879 amicis:

324 897 641 972 Festinato,
668 897 808 956 viri·
792 938 811 971 ,
859 917 992 956 nam
1020 916 1148 975 quae
1176 906 1294 956 tam
1321 917 1449 956 sera
1475 907 1729 957 moratur

328 976 658 1051 Segnities?
698 976 796 1034 alii
821 977 1050 1053 rapiunt
1074 976 1311 1034 incensa
1335 976 1639 1070 feruntque

324 1052 639 1129 Pergama3
679 1072 785 1112 vos
812 1055 982 1112 celsis
1010 1073 1164 1112 nunc
1190 1051 1440 1131 primum
1469 1074 1502 1111 a
1529 1053 1774 1112 navibus
1799 1053 1928 1113 itis!

325 1132 512 1207 Dixit,
540 1142 600 1191 et
625 1132 915 1208 extemplo
945 1132 1164 1209 (neque
1192 1132 1347 1189 enim
1377 1151 1655 1224 responsa
1679 1131 1963 1192 dabantur

325 1210 477 1268 Fida
503 1208 668 1290 satis)
704 1210 885 1268 sensit
909 1211 1132 1269 medios
1160 1210 1473 1287 delapsus
1457 1230 1519 1268 m
1546 1211 1762 1269 hostes.
1852 1252 1859 1258 -

328 1288 661 1366 Obstupuit,
690 1297 952 1366 retroque
979 1289 1191 1366 pedem
1218 1307 1350 1347 cum
1377 1308 1523 1368 voye
1549 1289 1835 1367 repressit.

328 1366 710 1444 Improvisum
741 1369 919 1444 aspris
947 1367 1126 1426 veluti
1152 1367 1251 1443 qui
1278 1367 1537 1426 sentibus
1563 1386 1811 1463 anguem

327 1445 545 1503 Pressit
570 1446 747 1503 humi
759 1447 967 1520 nitens,
996 1446 1370 1521 trepidusque
1397 1443 1634 1521 repente
1663 1446 1873 1521 refugit

325 1524 749 1585 Attollentem
733 1542 863 1597 iras,
892 1532 951 1582 et
977 1523 1193 1580 caerula
1218 1523 1370 1580 colla
1394 1530 1748 1581 tumentem·

327 1601 502 1659 Haud
532 1621 703 1659 secus
728 1602 1071 1677 Androgeus
1095 1601 1223 1658 visu
1250 1599 1619 1659 tremefactus
1646 1600 1855 1661 abibat.

328 1679 623 1754 Irruimus,
653 1681 846 1737 densis
873 1689 933 1738 et
958 1679 1473 1737 circumfundimur
1494 1679 1704 1752 armis3
1751 1720 1756 1726 -

329 1757 680 1836 Ignarosque
706 1758 823 1816 loci
848 1758 1087 1849 passim
1090 1765 1151 1815 et
1176 1757 1479 1816 formidine
1506 1766 1708 1834 captos

330 1836 685 1895 Sternimus:
730 1836 977 1914 adspirat
1001 1835 1187 1913 primo
1216 1831 1444 1895 fortuna
1458 1836 1666 1894 labori.

326 1915 521 1990 Atque
549 1914 646 1972 hic
675 1934 949 1973 successu
978 1914 1273 1973 exsultans
1300 1915 1623 1991 animisque
1651 1914 1953 1992 Coroebus,

329 1992 381 2050 Ο
411 1993 571 2068 socii,
599 1993 715 2070 qua
740 1993 945 2070 prima,
974 1993 1177 2070 inquit,
1206 1993 1437 2057 fortuna
1459 1993 1660 2051 salutis

327 2070 615 2130 Monstrat
641 2072 765 2146 iter,
794 2073 1027 2150 quaque
1054 2071 1305 2131 ostendit
1330 2090 1394 2129 se
1423 2073 1642 2146 dextra,
1671 2089 1997 2147 sequamur.

327 2150 626 2209 Mutemus
653 2151 705 2209 cl
789 2170 908 2227 eoS‚
937 2150 1367 2245 Danaumque
1349 2151 1600 2227 insignia
1623 2148 1791 2209 nobis

327 2229 647 2304 Aptemus:
689 2171 885 2324 ‹lb‘lusz
905 2250 978 2289 an
1005 2231 1205 2305 virtum
1234 2229 1364 2307 quis
1390 2230 1452 2287 in
1476 2229 1644 2287 hoste
1671 2228 1960 2305 requirat?

329 2307 796 2368 Arma.dabunt’
777 2310 905 2386 ipsi.
992 2308 1089 2367 Sic
1116 2308 1285 2383 satus,
1314 2308 1527 2366 deinde
1552 2315 1878 2366 comantem

334 2386 624 2461 Androgei
651 2386 872 2462 galeam
902 2387 1254 2462 clypeique
1236 2386 1463 2460 insigne
1491 2386 1766 2443 decorum

332 2462 615 2537 Induitur,
643 2464 919 2539 laterique
946 2463 1225 2539 Argivum
1255 2463 1652 2521 accommodat
1677 2481 1896 2522 ensem.

331 2541 463 2598 Hoc
488 2541 776 2617 Rhipeus,
806 2541 959 2598 hoc
943 2560 1068 2617 lpse
1095 2541 1338 2617 Dymas,
1368 2541 1673 2616 omnisque
1692 2542 1972 2617 Juventus

329 2620 495 2677 Laeta
519 2618 671 2693 facit,
701 2618 897 2695 spoliis
925 2638 987 2675 se
1015 2619 1255 2695 quisque
1282 2616 1611 2676 recentibus
1639 2627 1836 2677 armat.

329 2696 614 2753 Vadimus
640 2697 891 2754 immixti
917 2697 1160 2771 Danais,
1188 2696 1343 2754 haud
1370 2696 1611 2754 numine
1638 2704 1864 2754 nostro·
1848 2739 1866 2770 ,
1956 2691 1971 2706 '

329 2773 633 2849 Multaque
659 2794 763 2852 per
788 2793 1005 2833 caecam
1032 2774 1322 2850 congressi
1348 2774 1551 2866 proelia
1575 2782 1809 2833 noctem

331 2852 738 2925 Conserimus;
783 2852 994 2911 multos
1021 2852 1292 2910 Danaum
1319 2851 1674 2911 demittimus
1694 2852 1866 2913 Orco.

329 2929 667 3005 Diffugiunt
691 2896 787 2989 alii
816 2932 885 2988 ad
914 2950 1112 3005 naves,
1141 2940 1200 2990 et
1226 2931 1417 2990 littora
1441 2950 1614 2989 cursu

330 3009 481 3067 Fida
504 3018 736 3085 petunt3
777 3029 908 3086 pars
934 3009 1227 3085 ingentem
1256 3009 1562 3067 formidine
1587 3010 1741 3087 turpi

334 3088 633 3145 Scandunt
660 3107 850 3145 rursus
878 3106 1109 3165 equum,
1138 3096 1197 3146 et
1223 3089 1361 3147 noui
1388 3089 1716 3146 conduntur
1742 3089 1804 3145 in
1831 3087 1979 3147 alvo.

332 3166 507 3224 Heu!
550 3165 694 3224 nihil
722 3166 917 3225 invitis
943 3165 1028 3224 fas
1055 3186 1409 3243 quemquam
1437 3166 1615 3224 fidere
1644 3166 1810 3224 divis.

411 3244 572 3302 Ecce
599 3244 929 3304 trahebatur
953 3244 1135 3321 passis
1162 3245 1452 3303 Priameia
1478 3244 1637 3319 virgo

334 3321 608 3379 Crinibus
637 3342 671 3380 a
694 3322 914 3400 templo
936 3323 1260 3394 Cassandra
1285 3323 1586 3399 adytisque
1613 3321 1920 3398 Minervae,

331 3399 427 3457 Ad
455 3399 665 3458 coelum
691 3403 936 3462 tendens
963 3402 1220 3460 ardentia
1244 3400 1466 3458 lumina
1491 3400 1731 3471 frustra3

333 3476 601 3551 Lumina,
630 3498 763 3536 nam
792 3487 1016 3539 teneras
1044 3479 1315 3539 arcebant
1339 3478 1572 3536 vincula
1597 3477 1835 3553 palmas.

334 3554 473 3615 Non
501 3555 633 3614 tulit
658 3556 807 3614 hanc
836 3560 1089 3633 speciem
1119 3557 1323 3616 furiata
1350 3564 1546 3614 mente
1574 3554 1876 3630 Coroebus,

336 3632 419 3692 Et
444 3652 572 3691 sese
600 3635 859 3692 medium
889 3636 1082 3712 injecit
1109 3636 1396 3712 periturus
1424 3634 1484 3691 in
1511 3652 1739 3709 agmen.

337 3713 758 3807 Consequimur
784 3714 999 3787 cuncti,
1028 3722 1087 3769 et
1112 3714 1349 3770 densis'
1332 3712 1675 3770 incurrimus
1702 3712 1890 3771 armis.

337 3790 456 3849 Hic
483 3789 729 3869 primum
759 3811 831 3849 ex
862 3791 974 3849 alto
1003 3791 1225 3850 delubri
1253 3791 1506 3849 culmine
1534 3790 1664 3850 telis

2160 669 2278 724 370

2161 1058 2278 1114 375

2169 2234 2284 2288 390

2169 2609 2284 2679 :395

2170 3015 2287 3070 400

2171 3407 2288 3460 405

2171 3796 2289 3849 410
