2717 4300
312 280 420 340 152
452 324 460 329 .
1122 270 1484 338 AELNEIDOS'

310 429 599 490 Nauticus
624 448 641 503 3
686 429 945 488 adductis
973 436 1242 506 spumant
1267 429 1412 487 freta
1436 448 1602 487 versa
1625 428 1871 489 lacertis.

312 508 615 566 Infindunt
638 502 849 584 pariter
875 506 1102 578 sulcos;
1145 514 1443 583 totumque
1471 506 1718 566 dehiscit

311 586 669 644 Convulsum
697 584 867 643 remis
894 584 1201 660 rostrisque
1231 584 1572 643 tridentibus
1599 604 1811 662 aequor.

311 663 447 722 Non
476 672 594 721 tam
620 663 945 739 praecipites
972 662 1168 740 bijugo
1196 663 1507 720 certamine
1535 681 1804 740 campum

311 739 676 817 Corripuere,
704 749 994 817 ruuntque
1022 741 1190 801 effusi
1216 758 1444 798 carcere
1472 759 1710 816 currus;
2159 746 2268 801 145

312 819 441 876 Nec
470 819 553 876 sic
579 819 849 877 immissis
877 819 1089 894 aurigae
1115 818 1396 876 undantia
1421 818 1542 876 lora

310 894 674 955 Concussere
693 897 869 975 jugis,
898 897 1176 974 pronique
1188 896 1263 973 ,in
1290 895 1531 954 verbera
1555 896 1828 973 pendent.

310 974 698 1051 Tum'plausu
724 975 1068 1051 fremituque
1095 973 1304 1049 virum,
1334 974 1650 1050 studiisque
1678 974 1993 1052 faventum,

309 1053 606 1111 Consonat
632 1072 805 1110 omne
832 1072 1035 1110 nemus
1057 1072 1074 1126 3
1115 1070 1436 1128 vocemque
1464 1052 1686 1110 inclusa
1711 1052 1972 1113 volutant

309 1131 565 1204 Littora;
608 1131 817 1207 pulsati
847 1130 1023 1188 colles
1051 1130 1299 1188 clamore
1328 1130 1622 1189 resultant.
2157 1137 2267 1191 150

309 1208 537 1284 Effugit
564 1216 697 1266 ante
726 1208 886 1284 alios,
914 1209 1233 1284 primisque
1262 1207 1506 1266 elabitur
1531 1208 1702 1266 undis

309 1285 566 1344 Turbam
595 1286 743 1345 inter
767 1285 1171 1363 fremitumque
1191 1286 1357 1362 Gyas
1383 1306 1396 1343 ε
1441 1305 1616 1362 quem
1645 1285 1856 1345 deinde
1883 1287 2202 1348 Cloanthus

308 1364 714 1441 Consequitur,
743 1365 946 1422 melior
971 1364 1143 1421 remis
1166 1384 1182 1436 ;
1226 1364 1327 1421 sed
1354 1366 1613 1441 pondere
1639 1366 1810 1442 pinus

309 1441 503 1500 Tarda
528 1450 703 1501 tenet.
786 1443 928 1501 Post
952 1443 1061 1500 hos
1088 1462 1253 1519 aequo
1282 1442 1612 1500 discrimine
1640 1443 1844 1502 Pristis

308 1521 749 1597 Centaurusque
776 1519 968 1578 locum
996 1520 1241 1579 tendunt
1266 1539 1536 1598 superare
1564 1522 1827 1598 priorem.
2157 1526 2266 1581 155

298 1599 391 1657 ,Et
416 1617 571 1656 nunc
598 1598 799 1656 Pristis
825 1597 1033 1671 habet3
1076 1618 1229 1657 nunc
1257 1599 1468 1657 victam
1498 1600 1751 1676 praeterit
1776 1599 1982 1676 ingens

308 1676 666 1750 Centaurus3
708 1695 863 1734 nunc
889 1676 1005 1734 una
1034 1677 1217 1735 ambre
1237 1677 1570 1756 junctisque
1597 1677 1853 1737 feruntur

308 1753 641 1831 Frontibus,
671 1762 732 1813 et
755 1754 928 1830 longa
954 1755 1178 1813 sulcant
1196 1757 1343 1813 vada
1371 1755 1519 1822 salsa
1545 1757 1755 1814 carina.

313 1831 553 1910 Jamque
579 1832 1036 1910 propinquabant
1062 1833 1318 1911 scopulo,
1348 1842 1674 1911 metamque
1702 1836 1995 1913 tenebant,

311 1910 509 1980 Quum
536 1911 804 1988 princeps
837 1913 1142 1989 medioque
1171 1913 1328 1988 Gyas
1356 1913 1417 1968 in
1446 1914 1669 1988 gurgite
1696 1914 1880 1975 victor
2157 1919 2266 1974 160

308 1986 617 2048 Rectorem
644 1991 807 2049 navis
836 1991 1143 2067 compellat
1168 2009 1314 2047 voce
1343 1989 1647 2052 Menoeten
1675 2011 1688 2049 :

281 2065 444 2139 ,Quo
471 2076 692 2127 tantum
720 2068 864 2126 mihi
886 2069 1092 2126 dexter
1120 2068 1282 2126 abis?
1324 2067 1440 2125 huc
1469 2070 1650 2146 dirige
1677 2089 1935 2147 gressum
1957 2091 1975 2145 3

306 2147 495 2205 Littus
525 2152 671 2223 ama,
702 2156 760 2206 et
785 2146 961 2206 laevas
990 2148 1226 2225 stringat
1253 2147 1377 2206 sine
1404 2147 1659 2225 palmula
1684 2159 1913 2210 cautes:

306 2226 507 2285 Altum
535 2226 631 2284 alii
659 2235 909 2285 teneant.
993 2227 1199 2300 Dixit;
1244 2227 1346 2285 sed
1375 2246 1532 2285 caeca
1557 2229 1850 2287 Menoetes

310 2304 465 2363 Saxa
489 2305 698 2363 timens
722 2325 949 2383 proram
976 2306 1493 2382 pelagi'detorquet
1520 2306 1591 2363 ad
1617 2308 1818 2364 undas.
1942 2311 1947 2316 ‘
2156 2312 2266 2367 165

308 2381 443 2454 Quo
473 2376 730 2442 diversus
759 2384 926 2443 abis?
968 2386 1192 2457 iterum,
1209 2384 1368 2441 'Pete
1396 2402 1552 2457 saxa,
1575 2384 1857 2459 Menoete,

307 2463 458 2519 Cum
489 2461 738 2520 clamore
768 2464 925 2539 Gyas
946 2460 1266 2521 revocabat.
1350 2461 1433 2518 Et
1460 2479 1596 2519 ecce
1625 2461 1980 2521 Cloanthum

305 2540 570 2618 Respicit
594 2541 901 2614 instantem
930 2541 1120 2616 tergo,
1138 2547 1196 2597 et
1220 2558 1322 2615 pro
1366 2539 1487 2618 iora
1512 2546 1825 2597 tenentem.

307 2618 415 2675 Ille
442 2618 592 2677 inter
618 2638 943 2695 navemque
973 2619 1119 2693 Gyae
1147 2635 1321 2693 scopu
1348 2635 1525 2693 osque
1553 2627 1824 2678 sonantes

305 2696 484 2754 Radit
509 2695 619 2753 iter
644 2696 856 2753 laevum
886 2696 1137 2769 interior,
1168 2692 1476 2770 subitoque
1502 2694 1750 2771 priorem
2157 2703 2267 2758 170

304 2773 588 2848 Praeterit,
617 2781 676 2832 et
701 2774 868 2832 metis
896 2781 1056 2832 tenet
1082 2792 1311 2851 aequora
1326 2781 1450 2832 tuta
1474 2773 1704 2833 relictis.

306 2851 463 2910 Tum
489 2849 627 2911 vero
657 2853 868 2911 exarsit
885 2851 1091 2931 juveni
1117 2852 1280 2910 dolor
1305 2852 1528 2912 ossibus
1557 2852 1762 2930 ingens
1784 2874 1801 2929 3

304 2930 368 2989 N
370 2950 436 2989 ec
463 2930 728 3007 lacrymis
755 2930 991 2991 caruere
1018 2951 1222 3007 genae3
1267 2949 1620 3008 segnemque
1648 2934 1973 3010 Menoeten‚

313 3009 542 3069 Oblitus
570 3010 910 3086 decorisque
939 3011 1028 3068 sui
1056 3010 1394 3086 sociumque
1422 3011 1639 3086 salutiS,

307 3088 377 3145 In
408 3108 566 3150 mare
593 3088 954 3166 praecipitem
980 3090 1163 3167 puppi
1193 3089 1456 3157 deturbat
1483 3090 1553 3147 ab
1583 3089 1714 3148 alta,
2155 3094 2266 3150 17²5

308 3167 441 3244 Ipse
469 3167 817 3244 gubernaclo
845 3175 1030 3226 rector
1056 3167 1228 3255 subit,
1255 3168 1381 3246 ipse
1409 3169 1679 3244 magister
1702 3187 1716 3224 t

307 3245 696 3324 Hortaturque
723 3247 895 3322 viros,
925 3247 1269 3323 clavumque
1297 3245 1369 3304 ad
1396 3248 1584 3305 littora
1610 3251 1853 3322 torquet.

306 3325 386 3382 At
413 3325 618 3400 graviS,
646 3334 712 3384 ut
737 3325 913 3384 fundo
940 3326 1042 3386 vix
1069 3326 1301 3384 tandem
1330 3326 1589 3386 redditus
1610 3324 1728 3381 imo
1756 3330 1863 3399 est,

304 3402 342 3460 J
344 3422 434 3460 am
463 3404 673 3478 senior,
702 3406 1052 3482 madidaque
1079 3405 1264 3462 fluens
1292 3405 1352 3461 in
1381 3412 1561 3477 veste,
1590 3402 1904 3479 Menoetes,

310 3482 550 3539 Summa
574 3484 720 3560 petit
746 3484 990 3560 scopuli,
1020 3484 1287 3560 siccaque
1315 3483 1375 3539 in
1403 3500 1548 3558 rupe
1577 3479 1805 3539 resedit.
1857 3522 1869 3526 -
2158 3488 2267 3543 180

310 3559 480 3618 Illum
510 3568 570 3618 et
595 3560 886 3619 labentem
916 3562 1129 3620 Teucri
1156 3571 1214 3619 et
1239 3558 1416 3618 risere
1444 3566 1735 3616 natantem
1757 3579 1775 3634 ;

309 3639 392 3696 Et
419 3639 596 3697 salsos
623 3640 811 3697 rident
836 3647 1228 3697 revomentem
1253 3647 1485 3716 pectore
1513 3635 1739 3697 fluctus.

309 3716 429 3774 Hic
454 3717 589 3775 laeta
616 3718 886 3776 extremis
915 3736 1045 3792 spes
1074 3725 1161 3773 est
1188 3735 1430 3773 accensa
1458 3716 1701 3792 duobu8‚

313 3796 580 3870 Sergesto
609 3794 1041 3870 Mnestheique,
1072 3794 1240 3871 Gyan
1268 3812 1536 3870 superare
1562 3803 1902 3857 morantem.
