2717 4300
363 280 478 339 css
812 245 819 250 ’
946 339 957 344 ,
1170 255 1538 337 unnmnos

371 429 527 487 Tum
556 428 640 488 sic
667 427 871 487 affatur
895 448 1109 505 regem,
1137 437 1309 506 atque
1336 429 1417 486 ita
1439 425 1700 486 turbidus
1726 426 1893 487 infin
1917 455 1922 458 ·
2181 467 2198 476 ι
2258 431 2332 489 10

369 507 554 566 Nulla
579 527 739 565 mora
763 508 825 566 in
848 508 1051 566 Turno
1073 526 1091 581 ς
1136 507 1282 564 nihil
1308 515 1398 565 est
1423 502 1579 582 quod
1607 505 1762 563 dicta
1785 513 2097 566 retractent

372 586 576 661 Ignavi
602 586 907 660 AEneadae,
935 604 1046 643 nec
1071 604 1204 662 quoe
1231 582 1514 662 pepigere
1541 592 1825 642 recusent.

370 665 764 741 Congredior:
806 664 892 722 fer
917 682 1094 738 sacra,
1122 671 1303 741 pater,
1333 671 1394 721 et
1418 662 1662 738 concipe
1685 661 1892 722 soedus.

369 743 493 799 Aut
516 742 627 799 hac
655 742 1015 799 Dardanium
1042 742 1247 800 dextri
1272 740 1382 798 sub
1410 740 1650 799 Tartara
1673 741 1897 800 mittam

371 819 742 878 Desertorem
770 820 928 878 Asioe
965 819 1236 895 (sedeant
1260 827 1639 896 spectentque
1665 819 1918 899 Latini),
2256 826 2329 880 15

369 896 453 954 Et
478 897 631 954 solus
658 898 805 954 ferro
831 898 1053 956 crimen
1080 916 1394 956 commune
1419 896 1714 972 refellam3

368 976 492 1031 Aut
516 974 728 1033 habeat
751 975 959 1051 victos,
986 977 1154 1035 cedat
1178 975 1423 1033 Lavinia
1448 977 1681 1054 conjux.

449 1050 567 1110 Olli
593 1053 790 1110 sedato
817 1054 1114 1145 respondit
1136 1054 1309 1112 corde
1336 1054 1579 1112 Latinus
1601 1073 1620 1128 3

371 1128 424 1187 Ο
450 1136 727 1203 praestans
755 1130 934 1187 anim1
952 1132 1210 1207 juvenis,
1238 1128 1518 1207 quantum
1545 1132 1673 1209 ipse
1697 1131 1879 1192 feroci

370 1203 600 1264 Virtute
626 1225 958 1292 exsuperas,
985 1205 1144 1272 tanto
1160 1209 1268 1264 ‘me
1293 1206 1615 1283 impensius
1642 1224 1881 1282 aequnm
1905 1218 1999 1269 est
2250 1218 2327 1270 20
2401 1258 2407 1262 ,

369 1283 709 1356 consulere,
738 1293 910 1357 atque
937 1303 1141 1343 omnes
1166 1292 1521 1352 metuentem
1539 1302 1582 1352 e
1700 1284 1879 1344 ndere
1903 1305 2090 1362 casus.

372 1358 521 1415 Sunt
544 1357 650 1415 tibi
675 1361 853 1434 regn‘a
875 1358 1052 1436 patris
1079 1358 1295 1433 Dauni,
1323 1367 1459 1416 sunt
1482 1357 1620 1435 oppi
1660 1376 1696 1414 a
1721 1361 1890 1435 capta

370 1434 562 1492 Multa
585 1454 797 1507 manu;
839 1453 949 1492 nec
976 1455 1094 1491 non
1122 1454 1439 1511 aurumque
1466 1435 1810 1511 animusque
1837 1437 2046 1495 Latino
2071 1445 2198 1496 eat:

372 1509 520 1568 Sunt
546 1511 674 1567 aliae
701 1512 960 1587 innuptae
988 1505 1156 1569 Latio
1181 1519 1242 1569 et
1267 1511 1650 1570 Laurentibus
1677 1514 1844 1589 agris,
2050 1553 2054 1557 -

369 1587 433 1645 N
435 1606 504 1645 ec
531 1605 715 1662 genus
738 1588 1059 1647 indecores.
1143 1588 1285 1645 Sine
1311 1606 1408 1646 me
1433 1588 1563 1645 haec
1589 1588 1748 1646 haud
1774 1590 1974 1648 mollia
1997 1590 2118 1649 fatu
2250 1596 2328 1650 25

373 1664 625 1728 Sublatis
651 1664 872 1742 aperire
897 1664 1084 1738 dolis;
1126 1665 1319 1723 animo
1346 1664 1461 1722 hoc
1488 1665 1661 1721 simul
1686 1665 1871 1724 hauri.

370 1742 477 1801 Me
503 1750 696 1801 natam
721 1741 866 1800 nulli
889 1751 1153 1801 veterum
1179 1742 1401 1800 sociare
1426 1760 1729 1819 procorum

370 1819 491 1879 Fas
517 1829 674 1894 erat3
716 1821 893 1897 idque
919 1838 1122 1879 omnes
1146 1819 1383 1897 divique
1407 1819 1789 1899 hominesque
1816 1821 2137 1884 canebant:

372 1899 579 1957 Victus
607 1907 799 1957 ainore
824 1898 931 1975 tui,
959 1907 1202 1975 cognato
1228 1898 1510 1975 sanguine
1533 1898 1741 1975 victus,

307 1981 317 1990 ‘
372 1977 656 2056 Conjugis
682 1985 743 2036 et
766 1986 987 2036 moestae
1014 1976 1300 2053 lacrymis,
1326 1975 1523 2035 vincla
1547 1978 1743 2036 omnia
1769 1977 1936 2072 rupi3
2251 1984 2329 2040 30

373 2054 722 2118 Promissam
748 2054 934 2132 eripui
960 2073 1210 2133 genero3
1254 2065 1413 2114 arma
1436 2054 1618 2132 impia
1642 2074 1881 2134 sumpsi.

373 2132 598 2193 E'x'illo
624 2134 725 2212 qui
750 2153 846 2197 me
872 2154 1059 2211 casus,
1087 2153 1239 2214 quae,
1268 2134 1488 2210 Turne,
1517 2153 1545 2193 s
1620 2142 1829 2194 uantur

372 2213 559 2288 Bella,
586 2213 790 2289 vides3
831 2222 1076 2291 quantos
1100 2214 1321 2292 primus
1345 2214 1564 2292 patiare
1613 2213 1833 2274 abores.

372 2292 478 2350 Bis
505 2293 712 2370 magna
738 2293 877 2352 victi
902 2293 1100 2372 pugna
1125 2293 1229 2352 vix
1253 2293 1397 2351 urbe
1423 2301 1653 2352 tuemur

375 2371 523 2447 Spes
551 2371 762 2445 Italas3
803 2372 1059 2431 recalent
1081 2380 1277 2434 nostro
1304 2370 1583 2430 Tiberina
1606 2370 1825 2430 fluenta
2250 2374 2332 2431 85

376 2449 668 2526 Sanguine
695 2449 905 2527 adhuc,
930 2451 1232 2528 campique
1257 2449 1525 2526 ingentes
1550 2450 1777 2509 ossibus
1802 2447 2014 2515 albent.

375 2524 510 2598 Quo
537 2526 750 2586 referor
774 2529 988 2589 toties?
1028 2547 1158 2605 quae
1185 2536 1441 2588 mentem
1462 2527 1688 2585 insania
1710 2528 1939 2586 mutat?

376 2604 459 2680 Si,
488 2606 687 2663 Turno
715 2606 1020 2682 exstincto,
1047 2606 1237 2664 socios
1264 2625 1394 2664 sum
1423 2605 1642 2663 adscire
1667 2613 1918 2682 paratus,

373 2684 497 2741 Cur
521 2702 638 2741 non
665 2682 947 2742 incolumi
970 2681 1164 2761 potius
1186 2683 1507 2742 certamina
1531 2681 1717 2741 tollo?

376 2760 535 2831 Quid
561 2762 972 2836 consanguinei
996 2761 1224 2837 Rutuli,
1251 2761 1391 2837 quid
1419 2768 1632 2819 caetera
1656 2761 1812 2820 dicet
2017 2796 2026 2799 -
2250 2766 2330 2821 40

375 2838 559 2914 Italia,
590 2839 663 2897 ad
687 2846 928 2898 mortem
957 2840 1009 2898 si
1034 2847 1093 2898 te
1126 2839 1271 2918 (fors
1297 2839 1456 2899 dicta
1478 2839 1690 2899 refutet
1710 2838 1760 2919 2)

371 2916 751 2993 Prodiderim,
778 2925 970 2976 natam
997 2927 1056 2977 et
1082 2917 1372 2977 connubia
1394 2926 1589 2976 nostra
1611 2917 1952 2997 petentem?

371 2995 628 3074 Respice
654 3014 747 3055 res
772 2995 926 3057 bello
951 2998 1174 3071 νοτίαις
1216 2996 1488 3057 miserere
1513 2997 1769 3074 parentis

372 3073 672 3150 Longaevi,
700 3090 871 3150 quem
897 3093 1055 3134 nunc
1082 3084 1351 3135 moestum
1377 3076 1560 3154 patria
1584 3076 1779 3133 Ardea
1802 3068 1990 3149 longe·

371 3151 615 3211 Dividit.
698 3151 1160 3230 Haudquaquam
1186 3154 1355 3212 dictis
1380 3153 1658 3213 violentia
1682 3151 1866 3210 Turni
2250 3154 2329 3210 45

372 3229 688 3289 Flectitur:
732 3241 1041 3309 exsuperat
1066 3228 1267 3309 magis,
1297 3232 1673 3308 aegrescitque
1699 3228 2006 3288 medendo.

373 3308 459 3368 Ut
483 3305 733 3385 primum
759 3308 865 3368 fari
890 3311 1094 3387 potuit,
1122 3311 1207 3369 sic
1231 3310 1439 3370 institit
1462 3328 1599 3368 ore:
2013 3357 2022 3363 .

375 3385 567 3456 Quam
592 3405 697 3463 pro
724 3406 818 3445 me
843 3407 1037 3448 curam
1064 3389 1234 3466 geris,
1261 3389 1416 3447 hanc
1442 3404 1664 3465 precor,
1694 3384 1932 3479 optime„
1958 3403 2064 3463 pro
2088 3402 2190 3444 me

371 3464 669 3540 Deponas,
699 3465 993 3545 letumque
1021 3468 1175 3526 sinas
1201 3486 1307 3544 pro
1333 3466 1505 3536 laude
1573 3463 1765 3522 scisci.

373 3541 457 3601 Et
480 3560 587 3599 nos
614 3542 748 3619 tela,
775 3553 956 3621 pater,
984 3547 1311 3621 ferrumque
1335 3543 1494 3602 haud
1560 3542 1715 3600 ebile
1739 3541 1945 3602 dextra
2254 3544 2332 3600 ⁵0

375 3619 728 3696 Spargimus,
758 3630 816 3680 et
840 3632 1034 3682 nostro
1061 3623 1318 3699 sequitur
1342 3623 1420 3680 de
1445 3621 1685 3680 vulnere
1711 3619 1962 3696 sanguis.

372 3694 574 3773 Longe
603 3698 689 3756 illi
717 3700 828 3757 dea
852 3709 1037 3758 mater
1063 3701 1188 3775 erit,
1216 3718 1347 3777 quse
1375 3699 1532 3758 nube
1556 3699 1825 3776 fugacem

371 3774 672 3835 Foeminca
698 3784 872 3853 tegat,
901 3785 960 3835 et
984 3777 1149 3836 vanis
1176 3795 1306 3836 sese
1332 3778 1563 3838 occulat
1585 3779 1822 3839 umbris.
