<?xml version="1.0" encoding="UTF-8"?>
<!DOCTYPE html PUBLIC "-//W3C//DTD XHTML 1.0 Transitional//EN"
    "http://www.w3.org/TR/xhtml1/DTD/xhtml1-transitional.dtd">
<html xmlns="http://www.w3.org/1999/xhtml" xml:lang="en" lang="en">
 <head>
  <title>
</title>
<meta http-equiv="Content-Type" content="text/html;charset=utf-8" />
  <meta name='ocr-system' content='tesseract 3.04.00' />
  <meta name='ocr-capabilities' content='ocr_page ocr_carea ocr_par ocr_line ocrx_word'/>
</head>
<body>
  <div class='ocr_page' id='page_1' title='image "./bucolicageorgic00unkngoog_0283.png"; bbox 0 0 2717 4300; ppageno 0'>
   <div class='ocr_carea' id='block_1_1' title="bbox 1230 304 1574 368">
    <p class='ocr_par' dir='ltr' id='par_1_1' title="bbox 1230 304 1574 368">
     <span class='ocr_line' id='line_1_1' title="bbox 1230 304 1574 368; baseline -0.012 1"><span class='ocrx_word' id='word_1_1' title='bbox 1230 304 1574 368; x_wconf 72' lang='lat' dir='ltr'><strong>metx.</strong></span> 
     </span>
    </p>
   </div>
   <div class='ocr_carea' id='block_1_2' title="bbox 348 451 2004 857">
    <p class='ocr_par' dir='ltr' id='par_1_2' title="bbox 396 451 2004 691">
     <span class='ocr_line' id='line_1_2' title="bbox 400 451 1958 534; baseline -0.001 -18"><span class='ocrx_word' id='word_1_2' title='bbox 400 452 597 529; x_wconf 79' lang='lat' dir='ltr'><strong>Quem</strong></span> <span class='ocrx_word' id='word_1_3' title='bbox 623 463 816 516; x_wconf 83' lang='lat' dir='ltr'><strong>tamen</strong></span> <span class='ocrx_word' id='word_1_4' title='bbox 843 451 999 513; x_wconf 83' lang='lat' dir='ltr'><strong>baud</strong></span> <span class='ocrx_word' id='word_1_5' title='bbox 1026 470 1233 534; x_wconf 82' lang='lat' dir='ltr'>expers</span> <span class='ocrx_word' id='word_1_6' title='bbox 1259 454 1522 518; x_wconf 71' lang='lat' dir='ltr'><strong>valerus</strong></span> <span class='ocrx_word' id='word_1_7' title='bbox 1532 455 1760 516; x_wconf 76' lang='lat' dir='ltr'><strong>virtutis</strong></span> <span class='ocrx_word' id='word_1_8' title='bbox 1786 453 1958 522; x_wconf 64' lang='lat' dir='ltr'><strong>avitae</strong></span> 
     </span>
     <span class='ocr_line' id='line_1_3' title="bbox 396 532 2004 627; baseline -0.001 -34"><span class='ocrx_word' id='word_1_9' title='bbox 396 533 647 627; x_wconf 83' lang='lat' dir='ltr'><strong>Dejicit3</strong></span> <span class='ocrx_word' id='word_1_10' title='bbox 690 545 749 593; x_wconf 88' lang='lat' dir='ltr'><strong>at</strong></span> <span class='ocrx_word' id='word_1_11' title='bbox 773 532 1094 592; x_wconf 81' lang='lat' dir='ltr'>Thronium</span> <span class='ocrx_word' id='word_1_12' title='bbox 1127 534 1335 608; x_wconf 88' lang='lat' dir='ltr'><strong>Salius,</strong></span> <span class='ocrx_word' id='word_1_13' title='bbox 1367 533 1702 608; x_wconf 75' lang='lat' dir='ltr'><strong>Saliumque</strong></span> <span class='ocrx_word' id='word_1_14' title='bbox 1726 533 2004 609; x_wconf 85' lang='lat' dir='ltr'><strong>Nealces,</strong></span> 
     </span>
     <span class='ocr_line' id='line_1_4' title="bbox 398 609 1841 703; baseline -0.002 -32"><span class='ocrx_word' id='word_1_15' title='bbox 398 612 648 687; x_wconf 87' lang='lat' dir='ltr'><strong>Insignis</strong></span> <span class='ocrx_word' id='word_1_16' title='bbox 668 611 864 703; x_wconf 83' lang='lat' dir='ltr'><strong>jaculo</strong></span> <span class='ocrx_word' id='word_1_17' title='bbox 892 619 952 670; x_wconf 91' lang='lat' dir='ltr'><strong>et</strong></span> <span class='ocrx_word' id='word_1_18' title='bbox 974 609 1146 687; x_wconf 88' lang='lat' dir='ltr'><strong>longe</strong></span> <span class='ocrx_word' id='word_1_19' title='bbox 1174 610 1408 679; x_wconf 81' lang='lat' dir='ltr'><strong>fallente</strong></span> <span class='ocrx_word' id='word_1_20' title='bbox 1435 611 1659 686; x_wconf 75' lang='lat' dir='ltr'><strong>sagitta.</strong></span> <span class='ocrx_word' id='word_1_21' title='bbox 1835 646 1841 652; x_wconf 88' lang='lat'>·</span> 
     </span>
    </p>

    <p class='ocr_par' dir='ltr' id='par_1_3' title="bbox 348 688 1896 843">
     <span class='ocr_line' id='line_1_5' title="bbox 348 688 1896 766; baseline -0.001 -19"><span class='ocrx_word' id='word_1_22' title='bbox 348 691 351 692; x_wconf 45' lang='lat'><em>⁷</em></span> <span class='ocrx_word' id='word_1_23' title='bbox 471 690 509 747; x_wconf 89' lang='lat' dir='ltr'>J</span> <span class='ocrx_word' id='word_1_24' title='bbox 510 709 602 746; x_wconf 89' lang='lat' dir='ltr'><strong>am</strong></span> <span class='ocrx_word' id='word_1_25' title='bbox 613 689 815 765; x_wconf 87' lang='lat' dir='ltr'><strong>gravis</strong></span> <span class='ocrx_word' id='word_1_26' title='bbox 844 688 1111 766; x_wconf 81' lang='lat' dir='ltr'><strong>aequabat</strong></span> <span class='ocrx_word' id='word_1_27' title='bbox 1133 689 1322 747; x_wconf 87' lang='lat' dir='ltr'><strong>luctus</strong></span> <span class='ocrx_word' id='word_1_28' title='bbox 1348 696 1409 757; x_wconf 86' lang='lat' dir='ltr'><strong>et</strong></span> <span class='ocrx_word' id='word_1_29' title='bbox 1435 697 1633 746; x_wconf 86' lang='lat' dir='ltr'><strong>mutua</strong></span> <span class='ocrx_word' id='word_1_30' title='bbox 1651 688 1896 756; x_wconf 84' lang='lat' dir='ltr'><strong>Mavors</strong></span> 
     </span>
     <span class='ocr_line' id='line_1_6' title="bbox 394 765 1853 857; baseline -0.001 -31"><span class='ocrx_word' id='word_1_31' title='bbox 394 767 661 840; x_wconf 79' lang='lat' dir='ltr'><strong>Funera3</strong></span> <span class='ocrx_word' id='word_1_32' title='bbox 703 766 1003 824; x_wconf 70' lang='lat' dir='ltr'><strong>credebant</strong></span> <span class='ocrx_word' id='word_1_33' title='bbox 1025 767 1238 843; x_wconf 83' lang='lat' dir='ltr'><strong>pariter</strong></span> <span class='ocrx_word' id='word_1_34' title='bbox 1251 765 1584 857; x_wconf 72' lang='lat' dir='ltr'>pariterque</span> <span class='ocrx_word' id='word_1_35' title='bbox 1610 766 1853 826; x_wconf 85' lang='lat' dir='ltr'><strong>ruebant</strong></span> 
     </span>
    </p>
   </div>
   <div class='ocr_carea' id='block_1_3' title="bbox 395 843 2092 923">
    <p class='ocr_par' dir='ltr' id='par_1_4' title="bbox 395 843 2092 923">
     <span class='ocr_line' id='line_1_7' title="bbox 395 843 2092 923; baseline 0.002 -21"><span class='ocrx_word' id='word_1_36' title='bbox 395 844 663 903; x_wconf 78' lang='lat' dir='ltr'><strong>Victores</strong></span> <span class='ocrx_word' id='word_1_37' title='bbox 688 845 960 921; x_wconf 83' lang='lat' dir='ltr'><strong>victique,</strong></span> <span class='ocrx_word' id='word_1_38' title='bbox 987 862 1179 921; x_wconf 89' lang='lat' dir='ltr'><strong>neque</strong></span> <span class='ocrx_word' id='word_1_39' title='bbox 1207 843 1297 902; x_wconf 88' lang='lat' dir='ltr'><strong>his</strong></span> <span class='ocrx_word' id='word_1_40' title='bbox 1322 843 1459 919; x_wconf 80' lang='lat' dir='ltr'><strong>suga</strong></span> <span class='ocrx_word' id='word_1_41' title='bbox 1482 851 1620 902; x_wconf 89' lang='lat' dir='ltr'><strong>nota</strong></span> <span class='ocrx_word' id='word_1_42' title='bbox 1643 863 1837 923; x_wconf 83' lang='lat' dir='ltr'><strong>neque</strong></span> <span class='ocrx_word' id='word_1_43' title='bbox 1861 843 1996 904; x_wconf 78' lang='lat' dir='ltr'><strong>illis.</strong></span> <span class='ocrx_word' id='word_1_44' title='bbox 2083 901 2092 906; x_wconf 88' lang='lat'><strong>-</strong></span> 
     </span>
    </p>
   </div>
   <div class='ocr_carea' id='block_1_4' title="bbox 393 921 2062 2010">
    <p class='ocr_par' dir='ltr' id='par_1_5' title="bbox 393 921 1910 1232">
     <span class='ocr_line' id='line_1_8' title="bbox 395 921 1738 982; baseline 0.001 -3"><span class='ocrx_word' id='word_1_45' title='bbox 395 922 475 979; x_wconf 80' lang='lat' dir='ltr'><strong>Di</strong></span> <span class='ocrx_word' id='word_1_46' title='bbox 501 923 708 980; x_wconf 87' lang='lat' dir='ltr'><strong>Jovis</strong></span> <span class='ocrx_word' id='word_1_47' title='bbox 690 941 750 979; x_wconf 90' lang='grc' dir='ltr'><strong>ιιι</strong></span> <span class='ocrx_word' id='word_1_48' title='bbox 778 923 945 981; x_wconf 87' lang='lat' dir='ltr'><strong>tectis</strong></span> <span class='ocrx_word' id='word_1_49' title='bbox 971 923 1114 982; x_wconf 87' lang='lat' dir='ltr'><strong>iram</strong></span> <span class='ocrx_word' id='word_1_50' title='bbox 1140 921 1482 982; x_wconf 79' lang='lat' dir='ltr'><strong>miserantur</strong></span> <span class='ocrx_word' id='word_1_51' title='bbox 1504 921 1738 982; x_wconf 78' lang='lat' dir='ltr'><strong>inanem</strong></span> 
     </span>
     <span class='ocr_line' id='line_1_9' title="bbox 393 999 1868 1075; baseline 0.001 -18"><span class='ocrx_word' id='word_1_52' title='bbox 393 999 733 1075; x_wconf 86' lang='lat' dir='ltr'><strong>Amborum,</strong></span> <span class='ocrx_word' id='word_1_53' title='bbox 761 1008 821 1058; x_wconf 92' lang='lat' dir='ltr'><strong>et</strong></span> <span class='ocrx_word' id='word_1_54' title='bbox 845 1008 1032 1059; x_wconf 86' lang='lat' dir='ltr'><strong>tantos</strong></span> <span class='ocrx_word' id='word_1_55' title='bbox 1057 999 1393 1058; x_wconf 72' lang='lat' dir='ltr'>mortalibus</span> <span class='ocrx_word' id='word_1_56' title='bbox 1418 1018 1546 1057; x_wconf 85' lang='lat' dir='ltr'><strong>esse</strong></span> <span class='ocrx_word' id='word_1_57' title='bbox 1571 999 1812 1058; x_wconf 84' lang='lat' dir='ltr'><strong>labores.</strong></span> <span class='ocrx_word' id='word_1_58' title='bbox 1861 1067 1868 1070; x_wconf 70' lang='lat'>,</span> 
     </span>
     <span class='ocr_line' id='line_1_10' title="bbox 395 1075 1929 1154; baseline 0 -19"><span class='ocrx_word' id='word_1_59' title='bbox 395 1077 554 1135; x_wconf 87' lang='lat' dir='ltr'><strong>Hinc</strong></span> <span class='ocrx_word' id='word_1_60' title='bbox 582 1078 807 1152; x_wconf 87' lang='lat' dir='ltr'><strong>Venus,</strong></span> <span class='ocrx_word' id='word_1_61' title='bbox 835 1077 971 1138; x_wconf 90' lang='lat' dir='ltr'><strong>hinc</strong></span> <span class='ocrx_word' id='word_1_62' title='bbox 997 1075 1195 1137; x_wconf 60' lang='lat' dir='ltr'><strong>contra</strong></span> <span class='ocrx_word' id='word_1_63' title='bbox 1220 1084 1443 1154; x_wconf 82' lang='lat' dir='ltr'><strong>spectat</strong></span> <span class='ocrx_word' id='word_1_64' title='bbox 1470 1076 1735 1136; x_wconf 82' lang='lat' dir='ltr'><strong>Saturnia</strong></span> <span class='ocrx_word' id='word_1_65' title='bbox 1755 1077 1929 1136; x_wconf 85' lang='lat' dir='ltr'><strong>Juno.</strong></span> 
     </span>
     <span class='ocr_line' id='line_1_11' title="bbox 394 1154 1772 1249; baseline -0.001 -35"><span class='ocrx_word' id='word_1_66' title='bbox 394 1154 621 1214; x_wconf 73' lang='lat' dir='ltr'><strong>Bnllida</strong></span> <span class='ocrx_word' id='word_1_67' title='bbox 613 1154 970 1249; x_wconf 75' lang='lat' dir='ltr'>Tisiphone</span> <span class='ocrx_word' id='word_1_68' title='bbox 993 1156 1190 1232; x_wconf 84' lang='lat' dir='ltr'><strong>media</strong></span> <span class='ocrx_word' id='word_1_69' title='bbox 1212 1155 1381 1213; x_wconf 86' lang='lat' dir='ltr'><strong>inter</strong></span> <span class='ocrx_word' id='word_1_70' title='bbox 1387 1154 1567 1212; x_wconf 85' lang='lat' dir='ltr'><strong>millia</strong></span> <span class='ocrx_word' id='word_1_71' title='bbox 1592 1156 1772 1213; x_wconf 78' lang='lat' dir='ltr'><strong>saevit.</strong></span> 
     </span>
    </p>

    <p class='ocr_par' dir='ltr' id='par_1_6' title="bbox 394 1217 2062 1762">
     <span class='ocr_line' id='line_1_12' title="bbox 394 1217 1857 1309; baseline -0.001 -19"><span class='ocrx_word' id='word_1_72' title='bbox 394 1235 479 1292; x_wconf 84' lang='lat' dir='ltr'><strong>At</strong></span> <span class='ocrx_word' id='word_1_73' title='bbox 506 1230 642 1290; x_wconf 70' lang='lat' dir='ltr'><strong>vero</strong></span> <span class='ocrx_word' id='word_1_74' title='bbox 668 1234 963 1307; x_wconf 88' lang='lat' dir='ltr'><strong>ingentem</strong></span> <span class='ocrx_word' id='word_1_75' title='bbox 990 1227 1251 1309; x_wconf 88' lang='lat' dir='ltr'><strong>quatiens</strong></span> <span class='ocrx_word' id='word_1_76' title='bbox 1277 1232 1608 1294; x_wconf 78' lang='lat' dir='ltr'><strong>Mezentius</strong></span> <span class='ocrx_word' id='word_1_77' title='bbox 1634 1217 1857 1290; x_wconf 81' lang='lat' dir='ltr'><strong>hastam</strong></span> 
     </span>
     <span class='ocr_line' id='line_1_13' title="bbox 397 1286 2062 1385; baseline -0.001 -18"><span class='ocrx_word' id='word_1_78' title='bbox 397 1310 690 1368; x_wconf 81' lang='lat' dir='ltr'><strong>Turbidus</strong></span> <span class='ocrx_word' id='word_1_79' title='bbox 715 1310 1033 1385; x_wconf 84' lang='lat' dir='ltr'><strong>ingreditur</strong></span> <span class='ocrx_word' id='word_1_80' title='bbox 1056 1328 1281 1385; x_wconf 83' lang='lat' dir='ltr'><strong>campo.</strong></span> <span class='ocrx_word' id='word_1_81' title='bbox 1366 1305 1564 1379; x_wconf 79' lang='lat' dir='ltr'><strong>Quam</strong></span> <span class='ocrx_word' id='word_1_82' title='bbox 1590 1327 1834 1385; x_wconf 88' lang='lat' dir='ltr'><strong>magnus</strong></span> <span class='ocrx_word' id='word_1_83' title='bbox 1861 1286 2062 1385; x_wconf 83' lang='lat' dir='ltr'><strong>Orion,</strong></span> 
     </span>
     <span class='ocr_line' id='line_1_14' title="bbox 400 1386 1866 1463; baseline -0.001 -18"><span class='ocrx_word' id='word_1_84' title='bbox 400 1387 599 1458; x_wconf 80' lang='lat' dir='ltr'><strong>Quum</strong></span> <span class='ocrx_word' id='word_1_85' title='bbox 623 1388 807 1463; x_wconf 87' lang='lat' dir='ltr'><strong>pedes</strong></span> <span class='ocrx_word' id='word_1_86' title='bbox 831 1388 1048 1447; x_wconf 79' lang='lat' dir='ltr'><strong>incedit</strong></span> <span class='ocrx_word' id='word_1_87' title='bbox 1073 1386 1252 1444; x_wconf 87' lang='lat' dir='ltr'><strong>medii</strong></span> <span class='ocrx_word' id='word_1_88' title='bbox 1274 1404 1381 1463; x_wconf 90' lang='lat' dir='ltr'><strong>per</strong></span> <span class='ocrx_word' id='word_1_89' title='bbox 1405 1386 1658 1446; x_wconf 81' lang='lat' dir='ltr'><strong>maxima</strong></span> <span class='ocrx_word' id='word_1_90' title='bbox 1682 1386 1866 1448; x_wconf 83' lang='lat' dir='ltr'><strong>Nerei</strong></span> 
     </span>
     <span class='ocr_line' id='line_1_15' title="bbox 400 1462 2054 1541; baseline -0.001 -18"><span class='ocrx_word' id='word_1_91' title='bbox 400 1465 631 1541; x_wconf 78' lang='lat' dir='ltr'><strong>Stagna,</strong></span> <span class='ocrx_word' id='word_1_92' title='bbox 660 1465 812 1522; x_wconf 84' lang='lat' dir='ltr'><strong>viam</strong></span> <span class='ocrx_word' id='word_1_93' title='bbox 841 1464 1130 1540; x_wconf 81' lang='lat' dir='ltr'><strong>scindens,</strong></span> <span class='ocrx_word' id='word_1_94' title='bbox 1157 1462 1398 1522; x_wconf 85' lang='lat' dir='ltr'><strong>humero</strong></span> <span class='ocrx_word' id='word_1_95' title='bbox 1423 1465 1812 1540; x_wconf 77' lang='lat' dir='ltr'><strong>supereminet</strong></span> <span class='ocrx_word' id='word_1_96' title='bbox 1834 1462 2054 1537; x_wconf 80' lang='lat' dir='ltr'><strong>undas3</strong></span> 
     </span>
     <span class='ocr_line' id='line_1_16' title="bbox 395 1540 1735 1603; baseline -0.001 -1"><span class='ocrx_word' id='word_1_97' title='bbox 395 1545 516 1602; x_wconf 86' lang='lat' dir='ltr'><strong>Aut</strong></span> <span class='ocrx_word' id='word_1_98' title='bbox 540 1543 781 1602; x_wconf 81' lang='lat' dir='ltr'><strong>summis</strong></span> <span class='ocrx_word' id='word_1_99' title='bbox 807 1543 1058 1603; x_wconf 81' lang='lat' dir='ltr'><strong>referens</strong></span> <span class='ocrx_word' id='word_1_100' title='bbox 1084 1560 1358 1600; x_wconf 86' lang='lat' dir='ltr'><strong>annosam</strong></span> <span class='ocrx_word' id='word_1_101' title='bbox 1379 1540 1673 1601; x_wconf 82' lang='lat' dir='ltr'><strong>montibus</strong></span> <span class='ocrx_word' id='word_1_102' title='bbox 1699 1561 1735 1600; x_wconf 91' lang='lat' dir='ltr'><strong>o</strong></span> 
     </span>
     <span class='ocr_line' id='line_1_17' title="bbox 397 1618 1943 1696; baseline 0.001 -17"><span class='ocrx_word' id='word_1_103' title='bbox 397 1620 836 1696; x_wconf 85' lang='lat' dir='ltr'><strong>Ingrediturque</strong></span> <span class='ocrx_word' id='word_1_104' title='bbox 863 1619 1019 1695; x_wconf 88' lang='lat' dir='ltr'><strong>solo,</strong></span> <span class='ocrx_word' id='word_1_105' title='bbox 1034 1628 1094 1678; x_wconf 89' lang='lat' dir='ltr'><strong>et</strong></span> <span class='ocrx_word' id='word_1_106' title='bbox 1119 1628 1294 1696; x_wconf 86' lang='lat' dir='ltr'><strong>caput</strong></span> <span class='ocrx_word' id='word_1_107' title='bbox 1316 1619 1468 1679; x_wconf 88' lang='lat' dir='ltr'><strong>inter</strong></span> <span class='ocrx_word' id='word_1_108' title='bbox 1491 1618 1691 1678; x_wconf 87' lang='lat' dir='ltr'><strong>nubila</strong></span> <span class='ocrx_word' id='word_1_109' title='bbox 1714 1619 1943 1680; x_wconf 71' lang='lat' dir='ltr'><strong>condit:</strong></span> 
     </span>
     <span class='ocr_line' id='line_1_18' title="bbox 397 1690 1623 1762; baseline 0 -6"><span class='ocrx_word' id='word_1_110' title='bbox 397 1699 559 1762; x_wconf 73' lang='lat' dir='ltr'><strong>Talis</strong></span> <span class='ocrx_word' id='word_1_111' title='bbox 586 1715 650 1757; x_wconf 83' lang='lat' dir='ltr'><strong>se</strong></span> <span class='ocrx_word' id='word_1_112' title='bbox 675 1698 859 1756; x_wconf 75' lang='lat' dir='ltr'><strong>vastis</strong></span> <span class='ocrx_word' id='word_1_113' title='bbox 878 1698 1050 1758; x_wconf 79' lang='lat' dir='ltr'><strong>insert</strong></span> <span class='ocrx_word' id='word_1_114' title='bbox 1072 1690 1407 1755; x_wconf 82' lang='lat' dir='ltr'><strong>Mezentius</strong></span> <span class='ocrx_word' id='word_1_115' title='bbox 1433 1698 1623 1756; x_wconf 59' lang='lat' dir='ltr'><strong>armis„</strong></span> 
     </span>
    </p>

    <p class='ocr_par' dir='ltr' id='par_1_7' title="bbox 396 1772 2008 2010">
     <span class='ocr_line' id='line_1_19' title="bbox 396 1772 1956 1866; baseline 0.001 -33"><span class='ocrx_word' id='word_1_116' title='bbox 396 1776 554 1836; x_wconf 82' lang='lat' dir='ltr'><strong>Huic</strong></span> <span class='ocrx_word' id='word_1_117' title='bbox 576 1772 773 1834; x_wconf 63' lang='lat' dir='ltr'><strong>contri</strong></span> <span class='ocrx_word' id='word_1_118' title='bbox 799 1774 1041 1849; x_wconf 84' lang='lat' dir='ltr'><strong>AEneas,</strong></span> <span class='ocrx_word' id='word_1_119' title='bbox 1069 1773 1437 1851; x_wconf 72' lang='lat' dir='ltr'><strong>speculatus</strong></span> <span class='ocrx_word' id='word_1_120' title='bbox 1418 1794 1482 1831; x_wconf 89' lang='grc' dir='ltr'><strong>ιιι</strong></span> <span class='ocrx_word' id='word_1_121' title='bbox 1510 1775 1737 1866; x_wconf 78' lang='lat' dir='ltr'><strong>agmine</strong></span> <span class='ocrx_word' id='word_1_122' title='bbox 1760 1772 1956 1850; x_wconf 86' lang='lat' dir='ltr'><strong>longo,</strong></span> 
     </span>
     <span class='ocr_line' id='line_1_20' title="bbox 398 1852 1798 1944; baseline -0.001 -32"><span class='ocrx_word' id='word_1_123' title='bbox 398 1852 663 1912; x_wconf 85' lang='lat' dir='ltr'><strong>Obvius</strong></span> <span class='ocrx_word' id='word_1_124' title='bbox 645 1871 730 1910; x_wconf 77' lang='lat' dir='ltr'><strong>ire</strong></span> <span class='ocrx_word' id='word_1_125' title='bbox 754 1862 961 1929; x_wconf 83' lang='lat' dir='ltr'><strong>parat.</strong></span> <span class='ocrx_word' id='word_1_126' title='bbox 1011 1853 1219 1911; x_wconf 86' lang='lat' dir='ltr'><strong>Manet</strong></span> <span class='ocrx_word' id='word_1_127' title='bbox 1240 1852 1654 1944; x_wconf 82' lang='lat' dir='ltr'><strong>imperterritus</strong></span> <span class='ocrx_word' id='word_1_128' title='bbox 1675 1852 1798 1927; x_wconf 81' lang='lat' dir='ltr'><strong>ine,</strong></span> 
     </span>
     <span class='ocr_line' id='line_1_21' title="bbox 398 1929 2008 2010; baseline -0.001 -20"><span class='ocrx_word' id='word_1_129' title='bbox 398 1932 642 1990; x_wconf 80' lang='lat' dir='ltr'><strong>Hostem</strong></span> <span class='ocrx_word' id='word_1_130' title='bbox 670 1931 1096 2006; x_wconf 68' lang='lat' dir='ltr'><strong>magnanimum</strong></span> <span class='ocrx_word' id='word_1_131' title='bbox 1122 1930 1445 2010; x_wconf 84' lang='lat' dir='ltr'><strong>opperiens,</strong></span> <span class='ocrx_word' id='word_1_132' title='bbox 1472 1937 1533 1988; x_wconf 92' lang='lat' dir='ltr'><strong>et</strong></span> <span class='ocrx_word' id='word_1_133' title='bbox 1555 1929 1709 1988; x_wconf 89' lang='lat' dir='ltr'><strong>mole</strong></span> <span class='ocrx_word' id='word_1_134' title='bbox 1733 1929 1839 1989; x_wconf 65' lang='lat' dir='ltr'><strong>sua</strong></span> <span class='ocrx_word' id='word_1_135' title='bbox 1864 1935 2008 2002; x_wconf 78' lang='lat' dir='ltr'><strong>stat3</strong></span> 
     </span>
    </p>
   </div>
   <div class='ocr_carea' id='block_1_5' title="bbox 397 2006 2134 2101">
    <p class='ocr_par' dir='ltr' id='par_1_8' title="bbox 397 2006 2134 2101">
     <span class='ocr_line' id='line_1_22' title="bbox 397 2006 2134 2101; baseline 0.001 -33"><span class='ocrx_word' id='word_1_136' title='bbox 397 2011 592 2086; x_wconf 80' lang='lat' dir='ltr'><strong>Atque</strong></span> <span class='ocrx_word' id='word_1_137' title='bbox 618 2008 799 2066; x_wconf 76' lang='lat' dir='ltr'><strong>oculis</strong></span> <span class='ocrx_word' id='word_1_138' title='bbox 824 2008 1070 2085; x_wconf 78' lang='lat' dir='ltr'><strong>spatium</strong></span> <span class='ocrx_word' id='word_1_139' title='bbox 1098 2023 1368 2070; x_wconf 80' lang='lat' dir='ltr'><strong>emensus</strong></span> <span class='ocrx_word' id='word_1_140' title='bbox 1392 2016 1669 2101; x_wconf 86' lang='lat' dir='ltr'><strong>quantum</strong></span> <span class='ocrx_word' id='word_1_141' title='bbox 1693 2007 1832 2075; x_wconf 75' lang='lat' dir='ltr'><strong>satis</strong></span> <span class='ocrx_word' id='word_1_142' title='bbox 1853 2006 2074 2067; x_wconf 65' lang='lat' dir='ltr'><strong>basto:</strong></span> <span class='ocrx_word' id='word_1_143' title='bbox 2121 2063 2134 2070; x_wconf 77' lang='lat'><strong>-</strong></span> 
     </span>
    </p>
   </div>
   <div class='ocr_carea' id='block_1_6' title="bbox 393 2084 1965 3016">
    <p class='ocr_par' dir='ltr' id='par_1_9' title="bbox 393 2084 1965 3016">
     <span class='ocr_line' id='line_1_23' title="bbox 397 2084 1916 2178; baseline -0.001 -33"><span class='ocrx_word' id='word_1_144' title='bbox 397 2088 623 2145; x_wconf 80' lang='lat' dir='ltr'><strong>Dextra</strong></span> <span class='ocrx_word' id='word_1_145' title='bbox 648 2085 792 2143; x_wconf 90' lang='lat' dir='ltr'><strong>mihi</strong></span> <span class='ocrx_word' id='word_1_146' title='bbox 808 2086 980 2162; x_wconf 86' lang='lat' dir='ltr'><strong>deus,</strong></span> <span class='ocrx_word' id='word_1_147' title='bbox 1008 2095 1069 2145; x_wconf 91' lang='lat' dir='ltr'><strong>et</strong></span> <span class='ocrx_word' id='word_1_148' title='bbox 1092 2086 1295 2163; x_wconf 86' lang='lat' dir='ltr'><strong>telum,</strong></span> <span class='ocrx_word' id='word_1_149' title='bbox 1322 2087 1477 2164; x_wconf 89' lang='lat' dir='ltr'><strong>quod</strong></span> <span class='ocrx_word' id='word_1_150' title='bbox 1502 2085 1719 2166; x_wconf 86' lang='lat' dir='ltr'><strong>missile</strong></span> <span class='ocrx_word' id='word_1_151' title='bbox 1744 2084 1916 2178; x_wconf 86' lang='lat' dir='ltr'><strong>libro,</strong></span> 
     </span>
     <span class='ocr_line' id='line_1_24' title="bbox 397 2163 1879 2241; baseline -0.001 -17"><span class='ocrx_word' id='word_1_152' title='bbox 397 2166 461 2224; x_wconf 88' lang='lat' dir='ltr'>N</span> <span class='ocrx_word' id='word_1_153' title='bbox 463 2183 575 2223; x_wconf 86' lang='lat' dir='ltr'><strong>unc</strong></span> <span class='ocrx_word' id='word_1_154' title='bbox 601 2163 805 2227; x_wconf 82' lang='lat' dir='ltr'><strong>adsint.</strong></span> <span class='ocrx_word' id='word_1_155' title='bbox 887 2163 1094 2222; x_wconf 82' lang='lat' dir='ltr'><strong>Voveo</strong></span> <span class='ocrx_word' id='word_1_156' title='bbox 1118 2165 1407 2241; x_wconf 80' lang='lat' dir='ltr'><strong>praedonis</strong></span> <span class='ocrx_word' id='word_1_157' title='bbox 1434 2184 1674 2241; x_wconf 86' lang='lat' dir='ltr'><strong>corpore</strong></span> <span class='ocrx_word' id='word_1_158' title='bbox 1697 2164 1879 2241; x_wconf 82' lang='lat' dir='ltr'><strong>raptis</strong></span> 
     </span>
     <span class='ocr_line' id='line_1_25' title="bbox 400 2241 1758 2333; baseline 0 -32"><span class='ocrx_word' id='word_1_159' title='bbox 400 2243 673 2314; x_wconf 85' lang='lat' dir='ltr'><strong>Indutum</strong></span> <span class='ocrx_word' id='word_1_160' title='bbox 701 2241 941 2318; x_wconf 68' lang='lat' dir='ltr'><strong>spoliis</strong></span> <span class='ocrx_word' id='word_1_161' title='bbox 924 2261 1113 2318; x_wconf 78' lang='lat' dir='ltr'><strong>ipsum</strong></span> <span class='ocrx_word' id='word_1_162' title='bbox 1133 2250 1210 2316; x_wconf 90' lang='lat' dir='ltr'><strong>te,</strong></span> <span class='ocrx_word' id='word_1_163' title='bbox 1238 2243 1452 2316; x_wconf 85' lang='lat' dir='ltr'><strong>Lause,</strong></span> <span class='ocrx_word' id='word_1_164' title='bbox 1479 2250 1758 2333; x_wconf 64' lang='lat' dir='ltr'><strong>tropeum</strong></span> 
     </span>
     <span class='ocr_line' id='line_1_26' title="bbox 397 2319 1879 2396; baseline -0.001 -18"><span class='ocrx_word' id='word_1_165' title='bbox 397 2321 626 2379; x_wconf 76' lang='lat' dir='ltr'><strong>AEneae.</strong></span> <span class='ocrx_word' id='word_1_166' title='bbox 707 2319 893 2393; x_wconf 83' lang='lat' dir='ltr'><strong>Dixit,</strong></span> <span class='ocrx_word' id='word_1_167' title='bbox 921 2320 1372 2396; x_wconf 86' lang='lat' dir='ltr'><strong>stridentemque</strong></span> <span class='ocrx_word' id='word_1_168' title='bbox 1398 2319 1629 2378; x_wconf 88' lang='lat' dir='ltr'><strong>eminus</strong></span> <span class='ocrx_word' id='word_1_169' title='bbox 1655 2319 1879 2378; x_wconf 82' lang='lat' dir='ltr'><strong>hastam</strong></span> 
     </span>
     <span class='ocr_line' id='line_1_27' title="bbox 399 2396 1965 2475; baseline -0.001 -19"><span class='ocrx_word' id='word_1_170' title='bbox 399 2398 624 2475; x_wconf 87' lang='lat' dir='ltr'><strong>Injicit:</strong></span> <span class='ocrx_word' id='word_1_171' title='bbox 665 2396 764 2454; x_wconf 86' lang='lat' dir='ltr'><strong>illa</strong></span> <span class='ocrx_word' id='word_1_172' title='bbox 788 2397 989 2455; x_wconf 80' lang='lat' dir='ltr'><strong>volans</strong></span> <span class='ocrx_word' id='word_1_173' title='bbox 1015 2397 1220 2473; x_wconf 84' lang='lat' dir='ltr'><strong>clypeo</strong></span> <span class='ocrx_word' id='word_1_174' title='bbox 1246 2405 1336 2455; x_wconf 89' lang='lat' dir='ltr'><strong>est</strong></span> <span class='ocrx_word' id='word_1_175' title='bbox 1360 2415 1623 2471; x_wconf 85' lang='lat' dir='ltr'><strong>excussa,</strong></span> <span class='ocrx_word' id='word_1_176' title='bbox 1648 2396 1965 2474; x_wconf 84' lang='lat' dir='ltr'><strong>proculque</strong></span> 
     </span>
     <span class='ocr_line' id='line_1_28' title="bbox 395 2474 1803 2551; baseline -0.001 -16"><span class='ocrx_word' id='word_1_177' title='bbox 395 2474 713 2551; x_wconf 84' lang='lat' dir='ltr'><strong>Egregium</strong></span> <span class='ocrx_word' id='word_1_178' title='bbox 739 2475 1017 2533; x_wconf 83' lang='lat' dir='ltr'><strong>Antorem</strong></span> <span class='ocrx_word' id='word_1_179' title='bbox 1038 2475 1188 2534; x_wconf 88' lang='lat' dir='ltr'><strong>latus</strong></span> <span class='ocrx_word' id='word_1_180' title='bbox 1212 2475 1363 2534; x_wconf 88' lang='lat' dir='ltr'><strong>inter</strong></span> <span class='ocrx_word' id='word_1_181' title='bbox 1387 2482 1447 2533; x_wconf 89' lang='lat' dir='ltr'><strong>et</strong></span> <span class='ocrx_word' id='word_1_182' title='bbox 1469 2474 1571 2533; x_wconf 85' lang='lat' dir='ltr'><strong>ilia</strong></span> <span class='ocrx_word' id='word_1_183' title='bbox 1594 2475 1803 2550; x_wconf 79' lang='lat' dir='ltr'><strong>figit,-</strong></span> 
     </span>
     <span class='ocr_line' id='line_1_29' title="bbox 396 2550 1949 2630; baseline -0.001 -20"><span class='ocrx_word' id='word_1_184' title='bbox 396 2551 666 2611; x_wconf 89' lang='lat' dir='ltr'><strong>Herculis</strong></span> <span class='ocrx_word' id='word_1_185' title='bbox 691 2553 970 2619; x_wconf 81' lang='lat' dir='ltr'><strong>Antorem</strong></span> <span class='ocrx_word' id='word_1_186' title='bbox 976 2552 1285 2627; x_wconf 85' lang='lat' dir='ltr'><strong>comitem,</strong></span> <span class='ocrx_word' id='word_1_187' title='bbox 1314 2552 1414 2630; x_wconf 90' lang='lat' dir='ltr'><strong>qui</strong></span> <span class='ocrx_word' id='word_1_188' title='bbox 1441 2551 1648 2611; x_wconf 86' lang='lat' dir='ltr'><strong>missus</strong></span> <span class='ocrx_word' id='word_1_189' title='bbox 1678 2551 1749 2610; x_wconf 86' lang='lat' dir='ltr'><strong>ab</strong></span> <span class='ocrx_word' id='word_1_190' title='bbox 1777 2550 1949 2627; x_wconf 81' lang='lat' dir='ltr'><strong>Argis</strong></span> 
     </span>
     <span class='ocr_line' id='line_1_30' title="bbox 397 2629 1902 2708; baseline 0 -20"><span class='ocrx_word' id='word_1_191' title='bbox 397 2630 662 2689; x_wconf 75' lang='lat' dir='ltr'><strong>Haeserat</strong></span> <span class='ocrx_word' id='word_1_192' title='bbox 686 2631 978 2705; x_wconf 87' lang='lat' dir='ltr'><strong>Evandro,</strong></span> <span class='ocrx_word' id='word_1_193' title='bbox 1007 2639 1179 2708; x_wconf 89' lang='lat' dir='ltr'><strong>atque</strong></span> <span class='ocrx_word' id='word_1_194' title='bbox 1207 2630 1353 2688; x_wconf 65' lang='lat' dir='ltr'><strong>Itala</strong></span> <span class='ocrx_word' id='word_1_195' title='bbox 1380 2630 1717 2691; x_wconf 85' lang='lat' dir='ltr'><strong>consederat</strong></span> <span class='ocrx_word' id='word_1_196' title='bbox 1741 2629 1902 2688; x_wconf 88' lang='lat' dir='ltr'><strong>urbe.</strong></span> 
     </span>
     <span class='ocr_line' id='line_1_31' title="bbox 398 2707 1755 2801; baseline -0.001 -35"><span class='ocrx_word' id='word_1_197' title='bbox 398 2708 679 2767; x_wconf 88' lang='lat' dir='ltr'><strong>Sternitur</strong></span> <span class='ocrx_word' id='word_1_198' title='bbox 702 2707 912 2769; x_wconf 81' lang='lat' dir='ltr'><strong>infelix</strong></span> <span class='ocrx_word' id='word_1_199' title='bbox 930 2709 1117 2767; x_wconf 88' lang='lat' dir='ltr'><strong>alieno</strong></span> <span class='ocrx_word' id='word_1_200' title='bbox 1142 2708 1401 2784; x_wconf 80' lang='lat' dir='ltr'><strong>vulnere,</strong></span> <span class='ocrx_word' id='word_1_201' title='bbox 1417 2709 1755 2801; x_wconf 39' lang='lat' dir='ltr'><strong>’ccelumque</strong></span> 
     </span>
     <span class='ocr_line' id='line_1_32' title="bbox 395 2784 1901 2875; baseline 0.001 -33"><span class='ocrx_word' id='word_1_202' title='bbox 395 2784 678 2875; x_wconf 79' lang='lat' dir='ltr'><strong>Adspicit,</strong></span> <span class='ocrx_word' id='word_1_203' title='bbox 706 2793 766 2843; x_wconf 93' lang='lat' dir='ltr'><strong>et</strong></span> <span class='ocrx_word' id='word_1_204' title='bbox 789 2784 986 2844; x_wconf 90' lang='lat' dir='ltr'><strong>dulces</strong></span> <span class='ocrx_word' id='word_1_205' title='bbox 1012 2788 1262 2846; x_wconf 89' lang='lat' dir='ltr'><strong>moriens</strong></span> <span class='ocrx_word' id='word_1_206' title='bbox 1288 2786 1673 2847; x_wconf 87' lang='lat' dir='ltr'><strong>reminiscitur</strong></span> <span class='ocrx_word' id='word_1_207' title='bbox 1698 2786 1901 2861; x_wconf 82' lang='lat' dir='ltr'><strong>Argos.</strong></span> 
     </span>
     <span class='ocr_line' id='line_1_33' title="bbox 397 2861 1892 2940; baseline 0.002 -21"><span class='ocrx_word' id='word_1_208' title='bbox 397 2861 550 2919; x_wconf 89' lang='lat' dir='ltr'><strong>Tum</strong></span> <span class='ocrx_word' id='word_1_209' title='bbox 578 2861 708 2938; x_wconf 91' lang='lat' dir='ltr'><strong>pius</strong></span> <span class='ocrx_word' id='word_1_210' title='bbox 733 2861 955 2918; x_wconf 84' lang='lat' dir='ltr'><strong>AEneas</strong></span> <span class='ocrx_word' id='word_1_211' title='bbox 978 2863 1198 2920; x_wconf 80' lang='lat' dir='ltr'><strong>hastam</strong></span> <span class='ocrx_word' id='word_1_212' title='bbox 1219 2864 1400 2940; x_wconf 84' lang='lat' dir='ltr'><strong>jacit·</strong></span> <span class='ocrx_word' id='word_1_213' title='bbox 1441 2864 1541 2921; x_wconf 88' lang='lat' dir='ltr'><strong>illa</strong></span> <span class='ocrx_word' id='word_1_214' title='bbox 1565 2882 1669 2940; x_wconf 89' lang='lat' dir='ltr'><strong>per</strong></span> <span class='ocrx_word' id='word_1_215' title='bbox 1694 2861 1892 2922; x_wconf 86' lang='lat' dir='ltr'><strong>orbem</strong></span> 
     </span>
     <span class='ocr_line' id='line_1_34' title="bbox 393 2937 1853 3016; baseline 0 -19"><span class='ocrx_word' id='word_1_216' title='bbox 393 2939 539 2998; x_wconf 84' lang='lat' dir='ltr'><strong>AErc</strong></span> <span class='ocrx_word' id='word_1_217' title='bbox 566 2957 770 2997; x_wconf 87' lang='lat' dir='ltr'><strong>cavum</strong></span> <span class='ocrx_word' id='word_1_218' title='bbox 797 2937 1024 3014; x_wconf 89' lang='lat' dir='ltr'><strong>triplici,</strong></span> <span class='ocrx_word' id='word_1_219' title='bbox 1051 2957 1156 3014; x_wconf 88' lang='lat' dir='ltr'><strong>per</strong></span> <span class='ocrx_word' id='word_1_220' title='bbox 1178 2939 1333 2997; x_wconf 86' lang='lat' dir='ltr'><strong>linea</strong></span> <span class='ocrx_word' id='word_1_221' title='bbox 1356 2948 1538 3014; x_wconf 79' lang='lat' dir='ltr'><strong>terga,</strong></span> <span class='ocrx_word' id='word_1_222' title='bbox 1561 2940 1853 3016; x_wconf 72' lang='lat' dir='ltr'><strong>tribusque</strong></span> 
     </span>
    </p>
   </div>
   <div class='ocr_carea' id='block_1_7' title="bbox 292 3016 1787 3108">
    <p class='ocr_par' dir='ltr' id='par_1_10' title="bbox 292 3016 1787 3108">
     <span class='ocr_line' id='line_1_35' title="bbox 292 3016 1787 3108; baseline 0.001 -34"><span class='ocrx_word' id='word_1_223' title='bbox 292 3031 311 3041; x_wconf 76' lang='grc'><strong>“</strong></span> <span class='ocrx_word' id='word_1_224' title='bbox 394 3017 650 3075; x_wconf 83' lang='lat' dir='ltr'><strong>Transiit</strong></span> <span class='ocrx_word' id='word_1_225' title='bbox 673 3017 958 3108; x_wconf 67' lang='lat' dir='ltr'><strong>intextum</strong></span> <span class='ocrx_word' id='word_1_226' title='bbox 985 3016 1160 3073; x_wconf 84' lang='lat' dir='ltr'><strong>tauris</strong></span> <span class='ocrx_word' id='word_1_227' title='bbox 1186 3034 1352 3091; x_wconf 79' lang='lat' dir='ltr'><strong>opus,</strong></span> <span class='ocrx_word' id='word_1_228' title='bbox 1380 3017 1611 3092; x_wconf 86' lang='lat' dir='ltr'><strong>imaque</strong></span> <span class='ocrx_word' id='word_1_229' title='bbox 1637 3017 1787 3076; x_wconf 89' lang='lat' dir='ltr'><strong>sedit</strong></span> 
     </span>
    </p>
   </div>
   <div class='ocr_carea' id='block_1_8' title="bbox 396 3091 1944 3480">
    <p class='ocr_par' dir='ltr' id='par_1_11' title="bbox 396 3091 1944 3247">
     <span class='ocr_line' id='line_1_36' title="bbox 396 3091 1944 3169; baseline -0.001 -17"><span class='ocrx_word' id='word_1_230' title='bbox 396 3094 677 3169; x_wconf 80' lang='lat' dir='ltr'><strong>Inguine3</strong></span> <span class='ocrx_word' id='word_1_231' title='bbox 720 3094 823 3152; x_wconf 86' lang='lat' dir='ltr'><strong>sed</strong></span> <span class='ocrx_word' id='word_1_232' title='bbox 850 3093 1000 3150; x_wconf 85' lang='lat' dir='ltr'><strong>vires</strong></span> <span class='ocrx_word' id='word_1_233' title='bbox 1025 3092 1180 3150; x_wconf 85' lang='lat' dir='ltr'><strong>haud</strong></span> <span class='ocrx_word' id='word_1_234' title='bbox 1206 3092 1453 3169; x_wconf 88' lang='lat' dir='ltr'><strong>pertulit.</strong></span> <span class='ocrx_word' id='word_1_235' title='bbox 1537 3091 1716 3157; x_wconf 84' lang='lat' dir='ltr'><strong>Ocius</strong></span> <span class='ocrx_word' id='word_1_236' title='bbox 1742 3107 1944 3153; x_wconf 84' lang='lat' dir='ltr'><strong>ensem</strong></span> 
     </span>
     <span class='ocr_line' id='line_1_37' title="bbox 396 3169 1654 3247; baseline -0.002 -16"><span class='ocrx_word' id='word_1_237' title='bbox 396 3171 632 3247; x_wconf 85' lang='lat' dir='ltr'><strong>AEneas,</strong></span> <span class='ocrx_word' id='word_1_238' title='bbox 661 3171 784 3230; x_wconf 87' lang='lat' dir='ltr'><strong>viso</strong></span> <span class='ocrx_word' id='word_1_239' title='bbox 812 3169 1100 3247; x_wconf 79' lang='lat' dir='ltr'><strong>Tyrrheni</strong></span> <span class='ocrx_word' id='word_1_240' title='bbox 1125 3170 1426 3245; x_wconf 88' lang='lat' dir='ltr'><strong>sanguine,</strong></span> <span class='ocrx_word' id='word_1_241' title='bbox 1453 3171 1654 3246; x_wconf 67' lang='lat' dir='ltr'><strong>laetus,</strong></span> 
     </span>
    </p>

    <p class='ocr_par' dir='ltr' id='par_1_12' title="bbox 396 3247 1813 3402">
     <span class='ocr_line' id='line_1_38' title="bbox 396 3247 1813 3331; baseline 0 -25"><span class='ocrx_word' id='word_1_242' title='bbox 396 3250 586 3326; x_wconf 88' lang='lat' dir='ltr'><strong>Eripit</strong></span> <span class='ocrx_word' id='word_1_243' title='bbox 611 3269 647 3307; x_wconf 86' lang='lat' dir='ltr'><strong>a</strong></span> <span class='ocrx_word' id='word_1_244' title='bbox 669 3248 916 3331; x_wconf 80' lang='lat' dir='ltr'><strong>semine,</strong></span> <span class='ocrx_word' id='word_1_245' title='bbox 933 3256 995 3306; x_wconf 87' lang='lat' dir='ltr'><strong>et</strong></span> <span class='ocrx_word' id='word_1_246' title='bbox 1019 3248 1323 3324; x_wconf 85' lang='lat' dir='ltr'><strong>trepidanti</strong></span> <span class='ocrx_word' id='word_1_247' title='bbox 1348 3247 1598 3308; x_wconf 81' lang='lat' dir='ltr'><strong>fervidus</strong></span> <span class='ocrx_word' id='word_1_248' title='bbox 1624 3248 1813 3307; x_wconf 84' lang='lat' dir='ltr'><strong>instat.</strong></span> 
     </span>
     <span class='ocr_line' id='line_1_39' title="bbox 399 3320 1632 3402; baseline 0 -18"><span class='ocrx_word' id='word_1_249' title='bbox 399 3326 688 3402; x_wconf 85' lang='lat' dir='ltr'><strong>Ingemuit</strong></span> <span class='ocrx_word' id='word_1_250' title='bbox 713 3326 831 3384; x_wconf 89' lang='lat' dir='ltr'><strong>cari</strong></span> <span class='ocrx_word' id='word_1_251' title='bbox 855 3320 1102 3402; x_wconf 74' lang='lat' dir='ltr'><strong>graviter</strong></span> <span class='ocrx_word' id='word_1_252' title='bbox 1125 3325 1398 3401; x_wconf 83' lang='lat' dir='ltr'><strong>genitoris</strong></span> <span class='ocrx_word' id='word_1_253' title='bbox 1418 3344 1632 3400; x_wconf 86' lang='lat' dir='ltr'><strong>amore,</strong></span> 
     </span>
    </p>

    <p class='ocr_par' dir='ltr' id='par_1_13' title="bbox 398 3347 1857 3480">
     <span class='ocr_line' id='line_1_40' title="bbox 398 3347 1857 3480; baseline -0.003 -18"><span class='ocrx_word' id='word_1_254' title='bbox 398 3347 507 3462; x_wconf 82' lang='lat' dir='ltr'><strong>Ut:g</strong></span> <span class='ocrx_word' id='word_1_255' title='bbox 506 3405 666 3477; x_wconf 84' lang='lat' dir='ltr'><strong>vidit,</strong></span> <span class='ocrx_word' id='word_1_256' title='bbox 694 3404 938 3479; x_wconf 80' lang='lat' dir='ltr'><strong>Lausus,</strong></span> <span class='ocrx_word' id='word_1_257' title='bbox 964 3404 1346 3479; x_wconf 68' lang='lat' dir='ltr'><strong>lacrymaeque</strong></span> <span class='ocrx_word' id='word_1_258' title='bbox 1371 3421 1476 3480; x_wconf 88' lang='lat' dir='ltr'><strong>per</strong></span> <span class='ocrx_word' id='word_1_259' title='bbox 1500 3423 1600 3462; x_wconf 89' lang='lat' dir='ltr'><strong>ora</strong></span> <span class='ocrx_word' id='word_1_260' title='bbox 1623 3401 1857 3460; x_wconf 76' lang='lat' dir='ltr'><strong>volutoe.</strong></span> 
     </span>
    </p>
   </div>
   <div class='ocr_carea' id='block_1_9' title="bbox 268 3479 1926 3557">
    <p class='ocr_par' dir='ltr' id='par_1_14' title="bbox 268 3479 1926 3557">
     <span class='ocr_line' id='line_1_41' title="bbox 268 3479 1926 3557; baseline -0.002 -17"><span class='ocrx_word' id='word_1_261' title='bbox 268 3519 274 3525; x_wconf 86' lang='lat'><em>-</em></span> <span class='ocrx_word' id='word_1_262' title='bbox 397 3479 518 3545; x_wconf 80' lang='lat' dir='ltr'><strong>Hic</strong></span> <span class='ocrx_word' id='word_1_263' title='bbox 542 3481 737 3538; x_wconf 88' lang='lat' dir='ltr'><strong>mortis</strong></span> <span class='ocrx_word' id='word_1_264' title='bbox 765 3482 920 3540; x_wconf 82' lang='lat' dir='ltr'><strong>durae</strong></span> <span class='ocrx_word' id='word_1_265' title='bbox 948 3500 1164 3555; x_wconf 87' lang='lat' dir='ltr'><strong>casum,</strong></span> <span class='ocrx_word' id='word_1_266' title='bbox 1191 3489 1402 3557; x_wconf 87' lang='lat' dir='ltr'><strong>tuaque</strong></span> <span class='ocrx_word' id='word_1_267' title='bbox 1429 3481 1646 3556; x_wconf 88' lang='lat' dir='ltr'><strong>optima</strong></span> <span class='ocrx_word' id='word_1_268' title='bbox 1672 3479 1841 3552; x_wconf 78' lang='lat' dir='ltr'><strong>facta,</strong></span> <span class='ocrx_word' id='word_1_269' title='bbox 1921 3554 1926 3555; x_wconf 10' lang='grc' dir='ltr'><em>γ</em></span> 
     </span>
    </p>
   </div>
   <div class='ocr_carea' id='block_1_10' title="bbox 396 3558 1989 3876">
    <p class='ocr_par' dir='ltr' id='par_1_15' title="bbox 401 3558 1797 3653">
     <span class='ocr_line' id='line_1_42' title="bbox 401 3558 1797 3653; baseline -0.001 -37"><span class='ocrx_word' id='word_1_270' title='bbox 401 3559 476 3616; x_wconf 89' lang='lat' dir='ltr'><strong>Si</strong></span> <span class='ocrx_word' id='word_1_271' title='bbox 491 3577 603 3635; x_wconf 85' lang='lat' dir='ltr'><strong>qua</strong></span> <span class='ocrx_word' id='word_1_272' title='bbox 627 3558 801 3615; x_wconf 89' lang='lat' dir='ltr'><strong>fidem</strong></span> <span class='ocrx_word' id='word_1_273' title='bbox 828 3566 989 3619; x_wconf 82' lang='lat' dir='ltr'><strong>tanto</strong></span> <span class='ocrx_word' id='word_1_274' title='bbox 1015 3568 1105 3618; x_wconf 91' lang='lat' dir='ltr'><strong>est</strong></span> <span class='ocrx_word' id='word_1_275' title='bbox 1126 3559 1315 3653; x_wconf 47' lang='lat' dir='ltr'><strong>operi·</strong></span> <span class='ocrx_word' id='word_1_276' title='bbox 1313 3560 1498 3617; x_wconf 85' lang='lat' dir='ltr'><strong>latura</strong></span> <span class='ocrx_word' id='word_1_277' title='bbox 1522 3564 1797 3629; x_wconf 81' lang='lat' dir='ltr'><strong>vetustas,</strong></span> 
     </span>
    </p>

    <p class='ocr_par' dir='ltr' id='par_1_16' title="bbox 396 3598 1989 3872">
     <span class='ocr_line' id='line_1_43' title="bbox 396 3598 1989 3715; baseline -0.004 -17"><span class='ocrx_word' id='word_1_278' title='bbox 396 3636 536 3698; x_wconf 89' lang='lat' dir='ltr'><strong>Non</strong></span> <span class='ocrx_word' id='word_1_279' title='bbox 565 3635 854 3711; x_wconf 88' lang='lat' dir='ltr'><strong>equidem,</strong></span> <span class='ocrx_word' id='word_1_280' title='bbox 883 3654 991 3694; x_wconf 88' lang='lat' dir='ltr'><strong>nec</strong></span> <span class='ocrx_word' id='word_1_281' title='bbox 1018 3644 1094 3711; x_wconf 90' lang='lat' dir='ltr'><strong>te,</strong></span> <span class='ocrx_word' id='word_1_282' title='bbox 1114 3637 1348 3715; x_wconf 85' lang='lat' dir='ltr'><strong>juvenis</strong></span> <span class='ocrx_word' id='word_1_283' title='bbox 1377 3627 1764 3707; x_wconf 85' lang='lat' dir='ltr'><strong>memorande,</strong></span> <span class='ocrx_word' id='word_1_284' title='bbox 1778 3598 1989 3692; x_wconf 86' lang='lat' dir='ltr'><strong>silebo.</strong></span> 
     </span>
     <span class='ocr_line' id='line_1_44' title="bbox 399 3713 1851 3792; baseline -0.002 -20"><span class='ocrx_word' id='word_1_285' title='bbox 399 3715 507 3773; x_wconf 87' lang='lat' dir='ltr'><strong>Ille</strong></span> <span class='ocrx_word' id='word_1_286' title='bbox 533 3713 746 3790; x_wconf 90' lang='lat' dir='ltr'><strong>pedem</strong></span> <span class='ocrx_word' id='word_1_287' title='bbox 773 3713 1052 3786; x_wconf 84' lang='lat' dir='ltr'><strong>referens,</strong></span> <span class='ocrx_word' id='word_1_288' title='bbox 1071 3724 1130 3772; x_wconf 94' lang='lat' dir='ltr'><strong>et</strong></span> <span class='ocrx_word' id='word_1_289' title='bbox 1156 3715 1395 3787; x_wconf 87' lang='lat' dir='ltr'><strong>inutilis,</strong></span> <span class='ocrx_word' id='word_1_290' title='bbox 1422 3714 1597 3792; x_wconf 89' lang='lat' dir='ltr'><strong>inque</strong></span> <span class='ocrx_word' id='word_1_291' title='bbox 1623 3714 1851 3790; x_wconf 85' lang='lat' dir='ltr'><strong>ligatus,</strong></span> 
     </span>
     <span class='ocr_line' id='line_1_45' title="bbox 398 3786 1891 3876; baseline -0.002 -22"><span class='ocrx_word' id='word_1_292' title='bbox 398 3791 677 3866; x_wconf 81' lang='lat' dir='ltr'><strong>cedebat,</strong></span> <span class='ocrx_word' id='word_1_293' title='bbox 707 3789 1071 3872; x_wconf 83' lang='lat' dir='ltr'><strong>clypeoque</strong></span> <span class='ocrx_word' id='word_1_294' title='bbox 1054 3792 1351 3876; x_wconf 78' lang='lat' dir='ltr'><strong>inimicum</strong></span> <span class='ocrx_word' id='word_1_295' title='bbox 1380 3791 1587 3863; x_wconf 78' lang='lat' dir='ltr'><strong>hastile</strong></span> <span class='ocrx_word' id='word_1_296' title='bbox 1613 3786 1891 3851; x_wconf 76' lang='lat' dir='ltr'><strong>trahebat·</strong></span> 
     </span>
    </p>
   </div>
   <div class='ocr_carea' id='block_1_11' title="bbox 2245 304 2352 366">
    <p class='ocr_par' dir='ltr' id='par_1_17' title="bbox 2245 304 2352 366">
     <span class='ocr_line' id='line_1_46' title="bbox 2245 304 2352 366; baseline -0.037 0"><span class='ocrx_word' id='word_1_297' title='bbox 2245 304 2352 366; x_wconf 71' lang='lat'><strong>231</strong></span> 
     </span>
    </p>
   </div>
   <div class='ocr_carea' id='block_1_12' title="bbox 2233 688 2353 746">
    <p class='ocr_par' dir='ltr' id='par_1_18' title="bbox 2233 688 2353 746">
     <span class='ocr_line' id='line_1_47' title="bbox 2233 688 2353 746; baseline 0.017 -2"><span class='ocrx_word' id='word_1_298' title='bbox 2233 688 2353 746; x_wconf 69' lang='lat'><strong>&#39;155</strong></span> 
     </span>
    </p>
   </div>
   <div class='ocr_carea' id='block_1_13' title="bbox 2209 1464 2348 1522">
    <p class='ocr_par' dir='ltr' id='par_1_19' title="bbox 2209 1464 2348 1522">
     <span class='ocr_line' id='line_1_48' title="bbox 2209 1464 2348 1522; baseline -0.014 0"><span class='ocrx_word' id='word_1_299' title='bbox 2209 1464 2348 1522; x_wconf 20' lang='lat'><strong>*⁷65</strong></span> 
     </span>
    </p>
   </div>
   <div class='ocr_carea' id='block_1_14' title="bbox 2169 1832 2347 1920">
    <p class='ocr_par' dir='ltr' id='par_1_20' title="bbox 2169 1832 2347 1920">
     <span class='ocr_line' id='line_1_49' title="bbox 2169 1832 2347 1920; baseline -0.006 -11"><span class='ocrx_word' id='word_1_300' title='bbox 2169 1897 2182 1920; x_wconf 58' lang='lat'><strong>„</strong></span> <span class='ocrx_word' id='word_1_301' title='bbox 2221 1832 2347 1909; x_wconf 73' lang='lat'><strong>‘7⁷0</strong></span> 
     </span>
    </p>
   </div>
   <div class='ocr_carea' id='block_1_15' title="bbox 2226 2240 2346 2296">
    <p class='ocr_par' dir='ltr' id='par_1_21' title="bbox 2226 2240 2346 2296">
     <span class='ocr_line' id='line_1_50' title="bbox 2226 2240 2346 2296; baseline 0 0"><span class='ocrx_word' id='word_1_302' title='bbox 2226 2240 2346 2296; x_wconf 73' lang='lat' dir='ltr'><strong>’rw</strong></span> 
     </span>
    </p>
   </div>
   <div class='ocr_carea' id='block_1_16' title="bbox 2226 2600 2419 2682">
    <p class='ocr_par' dir='ltr' id='par_1_22' title="bbox 2226 2600 2419 2682">
     <span class='ocr_line' id='line_1_51' title="bbox 2226 2600 2419 2682; baseline 0 0"><span class='ocrx_word' id='word_1_303' title='bbox 2226 2600 2419 2682; x_wconf 66' lang='lat' dir='ltr'><strong>&#39;rso&#39;</strong></span> 
     </span>
    </p>
   </div>
   <div class='ocr_carea' id='block_1_17' title="bbox 2231 3014 2351 3460">
    <p class='ocr_par' dir='ltr' id='par_1_23' title="bbox 2231 3014 2351 3460">
     <span class='ocr_line' id='line_1_52' title="bbox 2231 3014 2348 3070; baseline 0.009 -1"><span class='ocrx_word' id='word_1_304' title='bbox 2231 3014 2348 3070; x_wconf 73' lang='lat'><strong>785</strong></span> 
     </span>
     <span class='ocr_line' id='line_1_53' title="bbox 2231 3403 2351 3460; baseline 0.017 -2"><span class='ocrx_word' id='word_1_305' title='bbox 2231 3403 2351 3460; x_wconf 74' lang='lat'><strong>⁷90</strong></span> 
     </span>
    </p>
   </div>
   <div class='ocr_carea' id='block_1_18' title="bbox 2233 3788 2350 3846">
    <p class='ocr_par' dir='ltr' id='par_1_24' title="bbox 2233 3788 2350 3846">
     <span class='ocr_line' id='line_1_54' title="bbox 2233 3788 2350 3846; baseline -0.026 0"><span class='ocrx_word' id='word_1_306' title='bbox 2233 3788 2350 3846; x_wconf 75' lang='lat'><strong>&#39;795</strong></span> 
     </span>
    </p>
   </div>
  </div>
 </body>
</html>
