2717 4300
1151 284 1385 360 msa
1421 304 1549 359 ΧΠ.
2233 259 2378 364 ms

385 453 515 514 Has
538 455 689 514 inter
712 473 906 529 voces,
936 455 1127 517 media
1150 455 1300 513 inter
1327 453 1465 512 talia
1487 452 1683 529 verba,

389 534 553 593 Ecce
577 534 701 592 viro
729 534 973 592 stridens
1001 533 1106 591 alis
1133 534 1349 610 allapsa
1375 533 1579 608 sagitta
1604 542 1726 591 est:
2161 593 2172 602 ,

389 613 684 671 Incertum
711 612 828 689 qua
854 612 1020 689 pulsa
1045 631 1240 686 manu,
1269 631 1383 688 quo
1411 609 1639 669 turbine
1667 612 1906 685 adacta3
2235 616 2354 670 320
2417 619 2420 624 “

391 691 540 763 Quis
566 696 782 750 tantam
809 691 1043 749 Rutulis
1071 691 1322 765 laudem,
1351 708 1618 763 casusne,
1647 689 1893 765 deusne,

388 769 662 829 Attulerit
690 790 704 828 ε
746 789 943 847 pressa
970 777 1060 827 est
1080 769 1328 844 insignis
1353 768 1537 844 gloria
1562 768 1737 841 sacti;

388 849 451 907 N
453 868 521 907 ec
548 867 676 906 sese
704 848 909 906 AEueae
928 848 1170 927 jactavit
1193 848 1433 905 vulnere
1461 847 1787 923 quisquam.

467 927 721 1002 Turnus,
751 934 815 985 ut
841 927 1072 984 AEnean
1101 926 1408 986 cedentem
1437 944 1513 982 ex
1539 927 1769 1001 agmine
1795 925 1960 1002 vidit,
2049 1003 2052 1004 ⁷

387 1004 796 1081 Turbatosque
824 1006 1020 1081 duces,
1047 1005 1239 1082 subita
1265 1024 1370 1082 spe
1397 1004 1651 1064 fervidus
1679 1006 1873 1065 ardet:
2237 1008 2356 1061 325

378 1083 590 1142 ‘Poscit
615 1102 796 1160 equos
824 1093 996 1161 atque
1025 1103 1184 1141 arma
1207 1084 1399 1159 simul,
1428 1083 1695 1159 saltuque
1721 1082 2003 1161 superbus
2446 1087 2459 1100 ”

388 1163 624 1220 Emicat
648 1163 708 1220 in
737 1182 987 1235 currum,
1017 1171 1075 1228 et
1100 1162 1378 1220 manibus.
1393 1162 1624 1219 molitur
1649 1161 1923 1226 habenas.

389 1241 586 1300 Multa
609 1240 801 1298 virfim
829 1242 1072 1300 volitans
1101 1242 1200 1298 dat
1223 1241 1393 1299 fortia
1418 1259 1655 1316 corpora
1678 1241 1830 1315 leto;

390 1318 728 1378 Semineces
754 1320 943 1381 volvit,
959 1319 1190 1394 multos,
1220 1328 1319 1378 aut
1346 1318 1576 1394 agmina
1600 1338 1770 1376 curru

389 1396 656 1472 Proterit,
685 1406 785 1456 aut
812 1417 872 1455 ra
912 1407 998 1455 tas
1024 1397 1378 1472 fugientibus
1404 1397 1612 1473 ingerit
1636 1396 1846 1456 hastas.
2242 1401 2360 1455 330

392 1475 597 1547 Qualis
625 1478 777 1553 apud
805 1418 982 1553 gelidi
1008 1495 1184 1552 quum
1213 1475 1451 1534 flumina
1475 1475 1733 1534 concitus
1760 1475 1949 1534 Hebri

392 1554 755 1630 Sanguineas
781 1555 1019 1613 Mavors
1047 1555 1254 1631 clypeo
1280 1556 1556 1632 increpat,
1586 1563 1755 1631 atque
1781 1555 2037 1624 furentes

388 1632 559 1691 Bella
585 1644 826 1691 movens
855 1633 1110 1691 immittit
1137 1652 1350 1709 equos:
1393 1633 1474 1691 illi
1507 1652 1737 1710 aequore
1765 1643 1963 1711 aperto

387 1714 543 1770 Ante
572 1712 759 1771 Notos
787 1712 1245 1789 Zephyrumque
1272 1712 1500 1783 volant3
1544 1713 1723 1788 gemit
1749 1713 1951 1771 ultima
1975 1711 2147 1789 pulsu

389 1790 620 1848 Thraca
646 1791 896 1866 pedum3
940 1788 1275 1867 circumque
1305 1799 1440 1849 atrae
1468 1791 1818 1849 Formidinis
1845 1812 1962 1867 ora,
2240 1796 2356 1850 335

391 1867 635 1949 Iraeque,
667 1869 1040 1945 Insidiaeque,
1068 1868 1165 1926 dei
1193 1870 1518 1943 comitatus,
1550 1878 1827 1944 aguntur:

389 1946 556 2006 Talis
585 1967 765 2024 equos
793 1948 981 2020 alacer
1006 1947 1200 2005 media
1220 1947 1376 2005 inter
1401 1948 1605 2025 proelia
1631 1948 1866 2007 Turnus

387 2025 708 2085 Fumantes
737 2028 946 2084 sudore
974 2026 1177 2102 quatit,
1207 2024 1533 2090 miserabile
1563 2026 1730 2086 caesis

391 2104 673 2166 Hostibus
700 2106 983 2164 insultans
1003 2126 1019 2178 ;
1064 2105 1279 2183 spargit
1303 2105 1503 2183 rapida
1527 2105 1745 2183 ungula
1770 2124 1925 2166 rores

391 2183 771 2261 Sanguinem,
801 2185 1096 2262 mixtaque
1124 2203 1292 2242 cruor
1317 2184 1568 2242 calcatur
1596 2185 1787 2242 arena·
2238 2191 2354 2245 340

386 2262 630 2340 Jamque
667 2263 797 2323 neci
840 2263 1298 2340 Sthenelumque
1327 2263 1505 2339 dedit,
1534 2261 2009 2341 Thamyrimque,
2039 2263 2348 2326 Pholum--

506 2361 581 2400 ue
600 2363 615 2377 ·
1548 2397 1560 2409 ,

393 2362 570 2478 Hulnc
597 2385 938 2497 bongressus
965 2427 1026 2479 et
1050 2418 1229 2496 hunc,
1257 2420 1424 2480 illum
1451 2420 1697 2495 eminus,
1726 2419 1953 2479 eminus
1980 2421 2151 2480 ambo

391 2498 754 2575 ImbrasidaS,
784 2500 1070 2558 Glaucum
1099 2505 1268 2576 atque
1297 2500 1519 2574 Laden,
1548 2519 1692 2576 quos
1721 2499 2011 2558 Imbrasus
2035 2501 2162 2578 ipse

388 2577 453 2638 N
455 2579 686 2637 utrierat
713 2579 914 2655 Lycia,
941 2578 1290 2657 paribusque
1318 2587 1620 2637 ornaverat
1646 2579 1836 2654 armi8‚

388 2655 506 2715 Vel
534 2657 793 2716 conferre
820 2677 1075 2732 manum,
1102 2657 1198 2716 vel
1225 2677 1378 2736 equo
1405 2667 1750 2735 praevertere
1778 2660 2001 2717 ventosL
2148 2729 2155 2736 ,
2241 2664 2358 2719 345

468 2737 640 2794 Parte
668 2736 799 2811 alia,
827 2737 1020 2794 media
1046 2736 1343 2796 Eumedes
1371 2737 1431 2795 in
1460 2737 1667 2814 proelia
1689 2736 1887 2814 fertur,

389 2815 631 2891 Antiqui
659 2815 850 2891 proles
874 2814 1029 2872 bello
1056 2816 1330 2891 praeclara
1348 2815 1633 2889 Dolonis3
1963 2878 1976 2884 ,

389 2892 650 2953 Nomine
679 2911 849 2949 avum
878 2891 1147 2966 referens,
1171 2895 1366 2953 animo
1395 2894 1776 2971 manibusque
1801 2904 2119 2972 parentem,
2227 2919 2236 2925 ·

294 2976 299 2981 ’
393 2971 515 3044 Qui
540 2972 855 3050 quondam,
884 2978 1068 3027 castra
1092 2978 1159 3028 ut
1184 2970 1457 3030 Danafim
1485 2973 1811 3050 speculator
1838 2973 2038 3049 adiret,

390 3054 587 3110 Ausus
615 3050 837 3109 Pelidae
862 3046 1113 3126 pretium
1140 3048 1250 3106 sibi
1277 3068 1515 3126 poscere
1543 3069 1741 3110 currus
1765 3071 1779 3110 ε
2242 3057 2358 3135 350

392 3131 568 3190 Illum
597 3129 859 3207 Tydides
886 3127 999 3185 alio
1026 3146 1130 3204 pto
1157 3126 1367 3186 talibus
1396 3129 1548 3187 ausis

391 3209 615 3271 Affecit
631 3208 857 3286 pretio;
901 3225 1012 3267 nec
1039 3206 1204 3283 equis
1232 3206 1776 3283 adspirat.Achillis.

392 3288 571 3346 Hunc
600 3287 802 3365 procul
829 3293 893 3345 ut
918 3303 1125 3362 campo
1153 3285 1389 3343 Turnus
1414 3287 1718 3364 prospexit
1744 3294 1965 3364 aperto,

395 3364 550 3426 Ante
577 3366 693 3424 levi
713 3365 908 3444 jaculo
935 3365 1174 3441 longum
1200 3383 1305 3441 per
1329 3364 1503 3423 inane
1531 3373 1783 3438 secutus,

395 3445 558 3505 Sistit
582 3464 761 3522 equos
787 3443 1033 3523 bijuges„
1062 3453 1121 3503 et
1147 3460 1316 3502 curru
1344 3443 1556 3518 desilit,
1587 3451 1759 3520 atque
2244 3449 2358 3504 355

396 3523 734 3583 Semianimi
761 3523 1034 3600 lapsoque
1058 3523 1416 3600 supervenit,
1443 3531 1503 3581 et
1526 3523 1678 3599 pede
1705 3520 1855 3579 collo

396 3603 702 3679 Impresso,
731 3602 957 3659 dextrae‘
978 3621 1328 3669 mucronem-
1341 3609 1666 3678 extorquet,
1695 3608 1755 3659 et
1780 3600 1895 3660 alto

394 3681 739 3758 Fulgentem
765 3679 934 3756 tingit
951 3681 1176 3759 jugulo,
1206 3680 1377 3756 atque
1405 3680 1535 3739 haee
1559 3680 1800 3757 insuper
1817 3679 2012 3740 addit:

393 3761 511 3837 En,
541 3778 725 3837 agroS,
749 3767 809 3816 et
833 3778 1005 3835 quam
1033 3759 1207 3834 bello,
1232 3760 1507 3838 Trojane,
1537 3754 1754 3837 petisti,
1885 3786 1894 3789 *

394 3839 738 3919 Hesperiam
768 3837 972 3949 mftire
991 3840 1228 3916 jacens:
1272 3839 1403 3897 haec
1429 3840 1685 3916 praemia,
1708 3838 1807 3916 qui
1833 3857 1930 3897 me
2244 3841 2359 3894 360
