2717 4300
344 334 460 390 ιω
696 317 851 406 “Ἷ
1146 330 1514 387 mmos

349 480 436 539 Hi
459 480 638 541 nostri
664 480 879 539 reditus
905 481 1341 557 exspectatique
1367 478 1685 557 triumphi!
1755 479 1762 490 ’
1843 517 1854 520 -

348 559 500 617 Haec
529 578 660 618 mea
686 578 897 634 magna
921 558 1100 615 fides’
1143 561 1226 616 At
1250 577 1390 631 non,
1419 558 1714 632 Evandre,
1741 558 2027 652 pudendis

349 636 706 696 Vulneribus
732 636 973 715 pulsum
990 633 1313 713 adspicies,
1355 654 1465 696 nec
1494 636 1707 712 sospite
1734 636 1923 696 dirum

350 714 592 794 Optabis
618 723 753 773 nato
779 714 954 774 funus
980 724 1159 791 pater.
1242 713 1363 772 Hei
1391 712 1571 772 mihi!
1614 723 1892 789 quantum

346 792 707 867 Praesidium,
732 793 1013 867 Ausonia,
1041 801 1102 851 et
1126 801 1403 869 quantum
1431 800 1495 849 tu
1521 793 1735 869 perdis,
1767 794 1927 854 Iiile'

428 872 576 929 Haec
604 872 704 929 ubi
731 871 991 946 deflevit,
1015 870 1140 930 tolli
1166 870 1494 928 miserabile
1515 890 1730 964 corpus
1793 880 1802 886 '

351 950 439 1008 lm
484 960 623 1024 erat,
652 959 712 1008 et
736 959 857 1009 toto
882 949 1064 1010 lectos
1090 968 1168 1007 ex
1193 949 1426 1024 agmine
1452 950 1626 1008 mittit

349 1028 438 1086 M
466 1028 520 1086 le
547 1030 719 1104 viros,
748 1028 851 1106 qui
876 1045 1208 1121 supremum
1235 1027 1584 1085 comitentur
1608 1029 1912 1104 honora»,

351 1107 739 1198 intersintque
765 1107 942 1184 patris
964 1106 1289 1182 lacrymis:-
1318 1104 1525 1164 solatia
1546 1105 1762 1166 luctus

347 1184 584 1260 Exigua
609 1185 878 1261 ingentis,
906 1185 1114 1246 misero
1143 1184 1249 1242 sed
1274 1184 1471 1242 debita
1496 1184 1661 1262 patri.

352 1262 529 1320 Haud
557 1281 764 1339 segnes
792 1262 890 1321 alii
918 1272 1102 1322 crates
1129 1271 1189 1321 et
1215 1262 1391 1321 molle
1417 1263 1689 1322 feretrum

348 1340 623 1400 Arbuteis
650 1350 857 1400 texunt
882 1342 1057 1417 virgis
1083 1350 1143 1400 et
1166 1341 1388 1400 vimine
1412 1360 1656 1420 querno,
1785 1396 1791 1402 .

352 1419 824 1513 Exstructosque
834 1428 987 1480 toros
1014 1420 1253 1479 obtentu
1278 1419 1497 1479 frondis
1522 1404 1871 1482 inumbrant.

336 1496 518 1647 ,Hic
526 1517 772 1557 ιινοιιοιιι
799 1498 1007 1574 agresti
1034 1495 1342 1556 sublimem
1370 1499 1642 1557 stramine
1668 1508 1933 1576 ponunt:
2005 1564 2018 1570 ,

509 1597 604 1635 em
632 1577 777 1652 virgi
779 1594 892 1634 neo
919 1576 1249 1633 demessum
1276 1576 1493 1652 pollice
1517 1576 1742 1651 florem,

353 1656 471 1713 Seu
500 1655 690 1714 mollis
715 1654 905 1729 violae,
935 1672 1037 1712 seu
1064 1651 1396 1729 languentis
1420 1654 1741 1732 hyacinthi,

351 1733 466 1793 Cui
492 1752 681 1810 neque
707 1730 1130 1809 sulgoradhuc,
1157 1750 1269 1790 nec
1297 1733 1435 1790 dum
1463 1751 1568 1793 sua
1595 1732 1777 1792 forma
1801 1733 2075 1807 recessit3

352 1811 492 1872 Non
512 1815 638 1891 jam
667 1820 849 1869 mater
875 1810 977 1876 alit
1001 1810 1195 1886 tellus,
1222 1810 1490 1887 viresque
1517 1811 1817 1885 ministrat.

350 1891 524 1950 Tunc
551 1891 812 1967 geminas
834 1898 1048 1964 vestes,
1076 1908 1337 1967 auroque·
1356 1898 1625 1967 ostroque
1652 1892 1923 1968 rigentes,

348 1968 581 2029 Extulit
606 1969 849 2043 AEneas,
877 1988 1022 2045 quas
1047 1968 1132 2025 illi
1159 1968 1291 2030 laeta
1316 1968 1579 2026 laborum

352 2048 490 2125 Ipsa
513 2049 634 2110 suis
660 2048 950 2125 quondam
979 2046 1244 2106 manibus
1272 2046 1514 2105 Sidonia
1539 2046 1696 2106 Dido

352 2127 615 2203 Fecerat,
645 2135 704 2186 et
727 2126 889 2186 tenui
915 2126 1060 2185 telas
1089 2124 1442 2193 discreverat
1467 2133 1621 2186 ιιιιο.

351 2207 576 2265 Harum
605 2225 781 2264 unam
799 2205 1009 2285 juveni
1035 2225 1373 2283 supremum
1400 2215 1642 2265 moestus
1664 2202 1947 2264 honorem

353 2284 568 2361 Induit,
596 2286 933 2363 arsurasque
959 2302 1154 2343 comas
1180 2284 1425 2353 obnubit
1449 2285 1703 2344 amictu:

349 2362 660 2440 Multaque
686 2373 966 2442 praeterea
991 2364 1296 2423 Laurentis
1321 2364 1562 2440 praemia
1583 2380 1796 2457 pugnae

350 2444 622 2536 Agger-at,
650 2451 710 2503 et
734 2442 907 2519 longo
932 2442 1188 2520 praedam
1207 2442 1378 2521 jubet
1403 2443 1601 2501 ordine
1628 2441 1978 2502 duci.-

351 2521 534 2580 Addit
558 2541 740 2599 equos
767 2530 826 2580 et
850 2521 984 2596 tela,
1012 2521 1222 2612 quibus
1247 2520 1599 2613 spoliaverat
1614 2519 1864 2589 hostem.
1921 2584 1929 2593 ,

354 2598 643 2658 Vinxerat
669 2609 728 2659 et
752 2608 886 2689 post
911 2608 1072 2677 terga
1097 2618 1322 2674 manus,
1349 2617 1494 2675 quos
1521 2599 1773 2657 mitteret
1795 2596 2015 2656 umbris

355 2677 615 2753 Inferias,
644 2698 796 2736 creso
824 2696 1119 2755 sparsuros
1145 2676 1426 2751 sanguine
1766 2720 1782 2733 .

354 2756 710 2832 Indutosque
739 2756 895 2814 ubet
921 2765 1152 2813 truncos
1177 2753 1486 2813 hostilibus
1507 2754 1682 2812 armis
1729 2780 1736 2787 ·

355 2833 521 2912 Ipsos
546 2833 691 2893 ferre
718 2777 917 2909 duces,
943 2832 1291 2910 inimicaque
1317 2832 1555 2891 nomina
1581 2833 1700 2910 figi.

356 2912 608 2972 Ducitur
628 2912 835 2979 infelix
861 2930 988 2971 aevo
1014 2910 1309 2971 confectus
1337 2915 1590 2988 Acoetes,
1971 2972 1980 2979 ,

354 2991 600 3054 Pectora
625 3010 778 3049 nunc
804 2990 1027 3050 soedans
1050 2990 1284 3071 pugnis,
1304 3008 1472 3050 nnnc
1497 2990 1788 3068 unguibus
1813 3010 1950 3050 ora:

358 3058 643 3132 Sternitur
668 3078 728 3128 et
750 3077 871 3129 toto
895 3072 1188 3149 projectus
1214 3088 1453 3147 corpore
1479 3078 1663 3129 terrae.
1871 3140 1878 3144 -
1919 3138 1926 3143 ¹

355 3150 600 3209 Ducunt
626 3157 685 3208 et
706 3148 929 3207 Rutulo
955 3147 1217 3242 perfusos
1241 3148 1520 3225 sanguine
1547 3167 1763 3208 cumis.

356 3225 502 3287 Post
525 3228 771 3288 bellator
790 3246 997 3305 equus,
1024 3228 1228 3305 positis
1252 3227 1594 3303 insignibus,
1622 3226 1846 3284 AEtlion

358 3306 416 3365 It
438 3307 778 3384 lacrymans,
806 3306 1093 3384 guttisque
1119 3305 1426 3366 humectat
1442 3303 1753 3382 grandibus
1778 3323 1897 3363 ora.

359 3385 604 3444 Hastam
633 3385 730 3443 alii
758 3385 1095 3462 galeamque
1120 3378 1348 3457 serunt3
1391 3403 1525 3443 nam
1551 3390 1762 3441 cetera
1785 3382 2019 3442 Turnus

2241 2126 2319 2183 '75

357 3461 564 3520 Victor
588 3463 780 3522 habet.
864 3465 1018 3523 Tum
1042 3472 1251 3523 moesta
1276 3428 1531 3541 phalanx
1556 3461 1883 3554 Teucrique
1909 3467 2270 3541 sequnntur,

361 3540 762 3620 Tyrrhenique
790 3543 989 3617 duces,
1017 3551 1075 3602 et
1101 3542 1283 3600 versis
1309 3541 1565 3600 Arcades
1591 3540 1782 3598 armis.

362 3618 677 3695 Postquam
705 3623 892 3680 omnis
916 3618 1088 3697 longe
1118 3616 1398 3678 comitum
1425 3627 1782 3697 processerat
1805 3618 1964 3695 ordo,

365 3697 630 3759 Substitit
655 3698 897 3773 AEneas,
924 3698 1257 3774 gemituque
1284 3698 1414 3756 haec
1441 3697 1661 3756 addidit
1684 3697 1839 3756 alto:

364 3772 491 3840 Nos
519 3775 660 3838 alias
685 3773 822 3837 hinc
849 3775 921 3834 ad
947 3775 1229 3851 lacrymas
1256 3776 1462 3834 eadem
1477 3773 1719 3837 horrida
1739 3774 1882 3835 belli
