2717 4300
362 322 436 383 ’Ν
1067 328 1515 385 GEORGIGOR
1522 329 1639 386 ΠΜ

366 476 781 553 Experiuntur,
810 487 868 541 et
894 478 955 535 in
981 478 1237 544 medium
1265 477 1507 555 quaesita
1531 484 1837 556 reponunt.

363 552 425 613 N
430 574 637 632 amque
666 553 792 615 aliae
821 557 980 614 victu
1005 556 1327 632 invigilant,
1356 565 1417 615 et
1441 557 1656 615 foedere
1682 568 1855 636 pacto

365 630 732 691 Exercentur
759 635 940 710 agrist
981 653 1113 711 pars
1138 637 1290 693 intra
1314 644 1478 711 septa
1503 636 1803 693 domorum

363 711 624 770 Narcissi
650 712 978 788 lacrymam,
1008 723 1066 771 et
1092 713 1312 770 lentum
1339 714 1416 770 de
1442 715 1655 772 cortice
1682 714 1903 790 gluten,

364 789 559 847 Prima
582 791 729 852 favis
753 788 978 868 ponunt
1002 790 1372 864 fundamina3
1401 790 1626 849 ‘deinde
1654 801 1888 851 tenaces

192 862 196 871 '
283 936 289 942 ἢ
365 869 744 944 Suspendunt
769 888 966 927 ceras:
1011 869 1159 945 aliae,
1183 889 1349 961 spem
1380 870 1587 946 gentiS,
1617 870 1841 929 adultos

362 947 642 1021 Educunt
666 948 839 1007 foetus
858 966 871 1005 :
917 948 1058 1006 aliae-
1072 967 1380 1025 purissima
1399 948 1583 1006 mella

364 1025 610 1101 Stipant,
641 1034 701 1084 et
720 1014 945 1104 liquido
972 1026 1306 1084 distendunt
1332 1036 1564 1085 nectare
1592 1027 1786 1085 cellas.

232 1098 237 1101 ’
311 1116 318 1122 “
364 1104 515 1161 Sunt
539 1105 746 1181 quibus
773 1107 846 1164 ad
871 1113 1062 1182 portas
1089 1105 1300 1163 cecidit
1324 1105 1599 1162 custodia·
1614 1106 1752 1163 sorti
1774 1126 1789 1163 τ

364 1181 550 1258 Inque
578 1183 767 1240 vicem
796 1183 1167 1261 speculantur
1194 1201 1371 1260 aquas
1399 1192 1458 1240 et
1483 1183 1683 1241 nubila
1707 1184 1872 1258 eoeli3

362 1262 483 1318 Aut
509 1279 685 1318 onera
711 1262 1002 1339 accipiunt
1027 1259 1366 1320 venientum
1389 1281 1406 1333 ;
1450 1270 1565 1336 aut,
1596 1263 1825 1338 agmine
1849 1263 2022 1341 facto,

365 1339 646 1415 Ignavum
675 1339 835 1398 fucos
863 1358 1047 1418 pecus
1072 1360 1106 1396 a
1142 1339 1502 1417 praesepibu's
1532 1351 1744 1403 arcent.
1919 1353 1938 1362 “

362 1417 578 1477 Fervet
605 1438 770 1495 opuS,
798 1418 1172 1494 redolentque
1199 1419 1402 1494 thymo
1428 1418 1732 1493 fragrantia
1757 1418 1949 1478 mella.

362 1498 453 1555 Ac
480 1498 659 1555 veluti
687 1498 856 1555 lentis
886 1498 1172 1573 Cyclopes
1200 1495 1441 1553 fulmina
1465 1496 1672 1553 'massis

365 1575 562 1645 Quum
591 1584 916 1651 properant,
947 1575 1045 1631 alii
1069 1575 1307 1631 taurinis
1333 1573 1757 1632 follibus-auras

361 1654 678 1730 Accipiunt
704 1656 1079 1728 redduntque,
1110 1651 1204 1709 alii
1234 1652 1531 1710 stridentia
1557 1652 1787 1728 tingunt
1851 1688 1859 1693 -

361 1731 509 1789 AEra
534 1732 696 1804 lacu;
736 1732 919 1807 gemit
945 1726 1226 1808 impositis
1254 1731 1562 1789 incudibus
1589 1730 1810 1804 AEtna3

363 1808 460 1867 Illi
485 1810 634 1869 inter
658 1830 787 1868 sese
815 1809 1024 1886 magna
1049 1809 1109 1866 vi
1135 1809 1372 1866 brachia
1398 1809 1605 1868 tollunt
1695 1806 1718 1834 “’
1769 1828 1776 1835 ·

365 1887 434 1945 In
462 1907 784 1963 numerum,
807 1896 1152 1965 versantque
1181 1888 1376 1946 tenaci
1397 1887 1617 1964 forcipe
1644 1887 1890 1946 ferrum:

361 1965 424 2024 N
428 1985 502 2023 on
531 1965 711 2042 aliter,
741 1968 789 2024 si
815 1986 992 2044 parva
1016 1966 1153 2024 licet
1177 1983 1526 2043 componere
1553 1967 1796 2045 magnis,

363 2044 677 2120 Cecropias
703 2046 932 2103 innatus
960 2063 1097 2122 apes
1125 2060 1284 2101 amor
1308 2053 1477 2120 urget
1502 2044 1774 2120 habendi,

361 2121 613 2181 Munere
638 2142 926 2200 quamque
954 2141 1077 2180 suo.
1161 2122 1502 2182 Grandaevis
1530 2123 1746 2201 oppida
1770 2140 1945 2201 curae,

361 2198 447 2257 Et
470 2200 697 2258 munire
724 2201 902 2276 favos,
933 2209 993 2259 et
1018 2200 1267 2259 Daedala
1291 2202 1511 2278 fingere
1538 2210 1707 2261 tecta.
2018 2206 2031 2221 ’

359 2279 443 2335 At
467 2277 633 2356 fessae
661 2279 845 2338 multa
871 2279 1123 2338 referunt
1146 2287 1411 2338 senocte
1439 2281 1709 2354 minores,

363 2355 545 2413 Crura
570 2356 770 2433 thymo
796 2358 985 2435 plenae
1010 2367 1382 2434 :pascuntur
1407 2368 1469 2415 et
1494 2358 1693 2415 arbuta
1716 2358 1953 2433 passim,

360 2433 444 2490 Et
469 2434 706 2508 glaucas
733 2436 958 2509 salices,
986 2435 1335 2510 casiamque,
1364 2452 1712 2511 crocumque
1740 2433 2062 2510 rubentem,

361 2512 444 2568 Et
469 2513 746 2588 pinguem
775 2513 975 2587 tiliam,
1004 2512 1442 2587 etferrugineos
1468 2510 1832 2589 hyacinthos·-

362 2589 646 2647 Omnibus
674 2611 790 2649 una
815 2592 979 2666 quies
1006 2608 1264 2666 operum,
1294 2590 1456 2649 labor
1479 2589 1747 2648 omnibus
1774 2609 1942 2650 unus.

358 2665 540 2724 Mane
565 2677 737 2727 ruunt
760 2669 976 2746 portis;
1018 2683 1301 2745 nusquam
1327 2687 1526 2726 mora:
1568 2687 1763 2727 rursus
1790 2670 2025 2729 easdem

358 2743 589 2821 Vesper
614 2747 717 2804 ubi
743 2766 776 2804 e
804 2755 973 2824 pastu
993 2747 1227 2804 tandem
1255 2747 1539 2805 decedere
1567 2747 1789 2825 campis
1971 2759 1978 2764 '

357 2823 698 2899 Admonuit,
729 2835 850 2883 tum
881 2835 1035 2884 tecta
1059 2834 1281 2902 petunt,
1311 2834 1434 2884 tum
1464 2843 1704 2903 corpora
1729 2835 1967 2902 curant3

356 2900 455 2959 Fit
482 2904 722 2977 sonituS,
748 2913 1122 2980 *mussantque
1149 2924 1275 2962 oras
1303 2914 1363 2962 et
1387 2904 1588 2963 limina
1613 2906 1855 2965 circum.

354 2975 517 3055 Post,
546 2982 648 3040 ubi
667 2984 788 3059 jam
820 2982 1086 3041 thalamis
1113 3001 1176 3041 se
1204 2981 1607 3061 composuere,
1636 2984 1839 3045 siletur

358 3057 428 3115 In
456 3070 710 3137 noctem,
742 3061 1034 3137 fessosque
1062 3082 1233 3139 sopor
1259 3081 1396 3130 suus
1425 3072 1674 3141 occupat
1699 3073 1873 3122 artus.

354 3137 417 3196 N
420 3157 488 3196 ec
516 3138 654 3197 vero
684 3160 718 3197 a
743 3141 981 3200 stabulis
1006 3141 1205 3218 pluvia
1231 3142 1605 3218 impendente
1632 3144 1911 3200 recedunt

356 3215 633 3293 Longius,
665 3228 761 3279 aut
787 3221 1031 3280 credunt
1057 3220 1225 3296 coelo,
1256 3220 1695 3282 adventantibus
1724 3221 1913 3293 euris;

359 3295 475 3370 Sed
503 3295 724 3356 circum
753 3307 891 3359 tutae
919 3299 1027 3357 sub
1054 3298 1345 3357 moenibus
1369 3299 1529 3356 urbis
1556 3307 1853 3375 aquantur,

355 3372 768 3453 Excursusque
796 3378 1002 3438 breves
1028 3385 1286 3451 tentant3
1329 3387 1391 3435 et
1417 3380 1571 3454 saepe
1600 3376 1847 3453 lapillos,

355 3451 441 3509 Ut
467 3453 692 3527 cymbae
720 3456 1015 3516 instabiles
1041 3456 1218 3516 fluctu
1237 3460 1495 3535 jactante
1522 3454 1835 3531 saburram,

356 3528 631 3603 Tollunt;
675 3532 765 3590 his
791 3552 919 3593 sese
946 3555 1054 3612 per
1079 3536 1274 3593 inania
1300 3535 1499 3591 nubila
1523 3532 1750 3591 librant.

437 3608 610 3667 Illum
638 3608 784 3668 adeo
811 3612 1100 3688 placuisse
1129 3614 1333 3691 apibus
1360 3610 1640 3670 mirabere
1669 3627 1909 3687 morem,

358 3683 534 3757 Quod
561 3706 673 3746 nec
701 3690 1015 3748 concubitu
1043 3691 1363 3766 indulgent,
1393 3707 1502 3746 nec
1530 3708 1771 3767 corpora
1796 3709 2007 3768 segnes

357 3765 426 3822 In
455 3764 749 3823 Venerem
777 3768 1025 3841 solvunt,
1054 3777 1152 3827 aut
1176 3770 1345 3828 foetus
1372 3766 1605 3825 nixibus
1633 3769 1845 3828 edunt:

362 3843 580 3903 Verum
607 3844 750 3925 ipsae
781 3864 813 3902 e
840 3845 993 3903 soliis
1020 3854 1185 3904 natos
1213 3855 1272 3904 et
1297 3844 1571 3903 suavibus
1595 3846 1796 3907 herbis
1904 3842 1912 3849 '

2215 723 2326 779 160

2216 1113 2325 1168 165

2211 1502 2325 1559 170

2212 1893 2325 1949 175

2213 2283 2325 2341 180

2212 2674 2325 2731 185

2209 3066 2322 3122 190

2207 3459 2318 3515 195

2201 3850 2319 3907 200
