2717 4300
393 316 499 373 166
1035 290 1046 299 “
1196 313 1560 372 AENEmos

392 463 625 524 Interea
648 463 873 524 AEneas
898 463 1104 523 urbem
1130 463 1396 540 designat
1422 471 1644 538 aratro;
2244 470 2358 526 ¹755

395 543 753 621 Sortiturque
780 544 1019 616 domos3
1061 543 1174 600 hoc
1202 542 1397 618 Ilium,
1427 550 1487 600 et
1511 541 1642 600 haec
1667 541 1796 601 loca
1822 542 2082 622 Trojam,

392 620 543 679 Esse
561 621 747 698 jubet.
834 620 1065 678 Gaudet
1088 638 1266 696 regno
1294 620 1581 698 Trojanus
1609 622 1875 696 Acestes,

392 698 721 775 Indicitque
746 699 951 774 forum,
980 706 1041 757 et
1064 697 1317 776 patribus
1344 699 1445 756 dat
1459 699 1595 776 jura
1618 699 1855 757 vocatis.

390 776 546 834 Tum
573 777 766 835 vicina
793 777 956 836 astris
983 776 1241 853 Erycino
1266 777 1327 834 in
1354 776 1571 835 vertice
1599 777 1767 843 sedes

390 854 692 913 Fundatur
717 854 940 913 Veneri
968 854 1206 927 Idaliae3
1249 854 1587 930 tumuloque
1615 855 1882 913 sacerdos
2235 858 2352 914 760

387 934 480 990 Ac
507 933 677 990 lucus
703 930 819 992 late
848 950 1011 991 sacer
1037 932 1263 1008 additur
1285 932 1602 991 Anchiseo.

462 1010 713 1087 Jamque
741 1011 865 1069 dies
892 1030 926 1068 e
966 1011 1122 1069 ulata
1146 1028 1358 1069 novem
1385 1029 1528 1086 gens
1555 1009 1762 1086 omnis,
1791 1017 1851 1069 et
1876 1011 1988 1070 aris

388 1088 606 1146 Factus
633 1089 819 1148 honos
843 1109 858 1146 :
899 1109 939 1168 p
963 1089 1116 1147 acidi
1142 1096 1464 1147 straverunt
1490 1107 1722 1165 aequora
1745 1090 1926 1165 venti,

387 1166 608 1224 Creber
634 1176 694 1225 et
719 1167 1014 1245 adspirans
1040 1186 1235 1225 rursus
1259 1175 1431 1226 vocat
1455 1167 1669 1225 Auster
1692 1167 1754 1224 in
1783 1168 1980 1227 altum.

388 1244 666 1303 Exoritur
687 1264 969 1323 procurva
992 1246 1198 1321 ingens
1222 1265 1328 1322 per
1350 1245 1543 1304 littora
1565 1245 1734 1304 fletus
1757 1264 1772 1303 :
2233 1247 2348 1304 ’765

387 1322 699 1400 complexi
722 1324 874 1382 inter
899 1342 961 1382 se
988 1331 1334 1400 noctemque
1361 1324 1633 1402 diemque
1659 1331 1968 1383 morantur.

389 1400 539 1477 Ipsae
557 1405 681 1480 jam
710 1410 940 1478 matres,
968 1401 1079 1479 ipsi
1107 1401 1315 1479 quibus
1343 1420 1545 1479 aspera
1570 1403 1860 1480 quondam

386 1478 533 1536 Visa
558 1481 729 1538 maris
754 1480 951 1555 facies,
980 1488 1039 1540 et
1062 1499 1179 1538 non
1207 1480 1504 1538 tolerabile
1530 1499 1770 1555 numen,

389 1557 481 1614 lre
507 1559 726 1634 volunt,
755 1576 1103 1634 omnemque
1128 1558 1281 1633 sugoe
1385 1556 1559 1616 rferre
1584 1557 1858 1616 laborem.

388 1635 553 1705 Quos
580 1635 767 1694 bonus
792 1636 1015 1694 AEneas
1044 1636 1212 1694 dictis
1238 1654 1302 1693 so
1326 1644 1452 1694 atur
1477 1635 1696 1713 amicis,
2229 1639 2346 1695 '770

386 1712 469 1770 Et
494 1714 921 1806 consanguineo
947 1712 1270 1791 lacrymans
1296 1714 1665 1773 commendat
1687 1715 1941 1773 Acestae.

355 1790 533 1848 'Tres
561 1791 743 1869 Eryci
768 1791 998 1867 vitulos,
1026 1799 1087 1851 et
1111 1790 1581 1870 Tempestatibus
1609 1811 1836 1869 agnam,

386 1869 630 1927 Caedere
658 1870 870 1929 deinde
888 1869 1077 1949 jubet,
1106 1870 1368 1947 solvique
1395 1889 1471 1928 ex
1498 1870 1699 1929 ordine
1725 1870 1941 1929 funem.

387 1945 543 2022 Ipse,
572 1956 746 2025 caput
763 1957 945 2008 tonsae
971 1947 1124 2007 foliis
1150 1948 1412 2007 evinctus
1439 1949 1626 2025 olivae,

388 2026 559 2083 Stans
584 2026 783 2103 procul
808 2027 868 2084 in
894 2026 1083 2104 prora,
1108 2033 1369 2104 pateram
1395 2033 1571 2102 tenet,
1601 2032 1851 2104 extaque
1878 2025 2060 2086 salsos
2227 2029 2344 2085 '7⁹75

384 2102 629 2163 Porrieit
653 2104 714 2162 in
740 2103 968 2182 fluctus,
996 2122 1064 2163 ac
1088 2103 1228 2165 vina
1243 2103 1529 2183 liquentia
1551 2103 1756 2164 fundit.

383 2181 763 2259 Prosequitur
785 2189 1024 2260 surgens
1052 2205 1087 2244 a
1109 2184 1294 2264 puppi
1317 2193 1527 2246 ventus
1553 2192 1795 2245 euntes:

385 2261 663 2320 Certatim
692 2263 837 2321 socii
862 2262 1078 2322 feriunt
1099 2283 1279 2341 mare,
1307 2272 1369 2323 et
1393 2283 1624 2342 oequora
1646 2269 1898 2321 verrunt.

462 2341 542 2398 At
568 2340 773 2399 Venus
798 2341 1020 2400 interea
1043 2342 1406 2419 Neptunum,
1436 2341 1690 2405 exercita
1714 2340 1886 2416 curis,

383 2416 730 2495 Alloquitur,
758 2419 1018 2495 talesque
1045 2419 1293 2478 effundit
1314 2426 1550 2496 pectore
1577 2424 1855 2495 questus:
2228 2418 2342 2474 ’780

379 2495 417 2551 J
418 2496 625 2555 unonis
651 2495 839 2573 gravis
863 2497 966 2573 ira,
994 2516 1107 2556 nec
1132 2495 1517 2555 exsaturabile
1541 2504 1767 2574 pectus,

383 2572 616 2650 Cogunt
641 2593 755 2649 me,
785 2574 1084 2652 Neptune,
1112 2592 1314 2651 preces
1338 2574 1694 2632 descendere
1720 2574 1782 2631 in
1808 2591 2051 2632 omnes:

384 2650 578 2720 Quam
605 2670 715 2709 nec
742 2651 916 2728 longa
942 2652 1085 2728 dies,
1110 2652 1296 2728 pietas
1322 2669 1435 2709 nec
1460 2651 1683 2728 mitigat
1706 2650 1864 2725 ulla3

381 2727 445 2786 N
448 2746 515 2787 ec
539 2730 577 2786 J
578 2730 702 2787 ovis
729 2729 969 2807 imperio
994 2728 1198 2787 setisve
1223 2728 1466 2788 infracta
1529 2727 1753 2788 u’escit.

381 2805 444 2864 N
447 2826 518 2864 on
548 2807 739 2866 media
767 2808 841 2865 de
906 2815 1041 2866 ente
1067 2808 1365 2884 Phrygum
1392 2748 1659 2867 exefflisse
1686 2806 1950 2868 nefandis
2226 2810 2340 2866 785

257 2901 264 2909 ·
380 2883 602 2943 Urbem
631 2886 778 2943 odiis
804 2905 869 2944 sa
913 2904 941 2943 s
968 2894 1075 2963 est,
1102 2905 1213 2945 nec
1240 2905 1472 2964 poenam
1497 2894 1659 2946 traxe
1685 2906 1791 2966 per
1814 2905 2048 2946 omnem

379 2962 719 3040 Reliquias3
762 2964 956 3043 Trojae
985 2964 1211 3026 cineres
1237 2974 1411 3042 atque
1437 2985 1568 3025 ossa
1591 2974 1910 3045 perempte

381 3040 747 3119 Insequitur:
790 3059 992 3102 causas
1017 3044 1161 3103 tanti
1188 3044 1334 3103 sciat
1357 3044 1458 3104 illa
1483 3044 1708 3105 furoris.

380 3119 515 3197 Ipse
541 3120 685 3179 mihi
711 3139 895 3199 nuper
920 3121 1157 3198 Libycis
1175 3132 1237 3182 tu
1265 3124 1429 3183 testis
1454 3125 1516 3183 in
1542 3124 1713 3183 undis

380 3198 574 3269 Quam
602 3199 816 3259 molem
842 3197 1031 3259 subito
1061 3202 1339 3261 excierit:
1385 3203 1564 3261 maria
1588 3199 1785 3260 omnia
1809 3197 1959 3259 coelo
2223 3204 2339 3259 790

377 3276 639 3353 Miscuit,
667 3278 879 3337 AEoliis
905 3279 1300 3357 nequidquam
1324 3281 1472 3340 freta
1495 3277 1799 3359 procellis:

378 3353 448 3412 In
477 3356 806 3432 regnishoc
836 3377 976 3417 ausa
999 3358 1133 3417 tuis.

376 3432 493 3490 Per
517 3435 708 3494 scelus
734 3455 873 3495 ecce
900 3436 1075 3496 etiam
1102 3436 1372 3495 Tro'anis
1400 3434 1673 3493 matribus
1700 3433 1843 3494 actis

375 3511 620 3571 Exussit
643 3510 796 3571 foede
823 3534 1068 3592 puppes,
1098 3525 1157 3573 et
1183 3458 1367 3574 classe
1395 3510 1622 3589 subegit

373 3589 609 3648 Amissa
636 3591 821 3649 socios
847 3594 1058 3670 ignotae
1087 3593 1349 3670 linquere
1376 3600 1558 3650 terrae.
2220 3595 2338 3650 795

378 3668 553 3739 Quod
581 3678 863 3746 superest,
889 3691 1009 3747 oro,
1037 3672 1211 3731 liceat
1237 3672 1374 3729 dare
1401 3678 1525 3728 tuta
1548 3688 1655 3747 per
1678 3668 1866 3728 undas

373 3744 528 3805 Vela
553 3746 657 3805 tibi
678 3767 694 3821 3
737 3746 909 3808 liceat
935 3750 1284 3808 Laurentem
1314 3747 1593 3824 attingere
1620 3746 1863 3825 Tybri'm
1887 3765 1908 3823 ς

377 3824 441 3884 si
468 3844 744 3886 concessa
767 3835 923 3907 pete,
952 3828 1002 3885 si
1029 3827 1169 3885 dant
1194 3845 1264 3884 ea
1290 3825 1506 3883 moenia
1531 3825 1752 3886 Pareae.
1823 3856 1831 3863 ·
