2717 4300
232 765 239 768 ’
325 739 585 798 Fatalem

323 352 436 413 m
1123 313 1486 407 AEN'mnos

325 501 471 565 Nec²
489 522 726 581 magnas
751 500 1001 561 valuisse
1025 520 1226 579 preces
1247 519 1265 573 3
1309 499 1422 557 alia
1448 515 1602 556 anna
1629 500 1851 559 Latinis

328 583 681 658 Quaerenda,
710 590 807 639 aut
832 598 1035 658 pacem
1065 579 1320 658 Trojano
1349 578 1422 635 ab
1449 597 1584 654 rege
1609 580 1938 657 petendam.

327 660 546 720 Deficit
570 661 629 718 in
671 660 790 717 enti
817 659 974 717 luctu
1003 658 1257 735 rexipse
1284 658 1544 715 Latinus.

614 680 855 812 ffinean,
869 736 1169 795 manifesto
1196 735 1436 796 numine
1462 734 1596 810 ferri

326 818 619 875 Admonet
644 816 727 873 ira
753 815 946 891 desim,
975 814 1300 892 tumulique
1328 821 1460 871 ante
1486 829 1587 871 ora
1612 821 1893 872 recentes.

327 895 485 970 Ergo
513 894 818 952 concilium
848 912 1116 969 magnum
1145 893 1474 970 primosque
1502 911 1735 952 suorum
1849 949 1854 953 .

328 972 576 1050 Imperio
604 973 816 1031 accitos
844 972 957 1030 alta
983 972 1131 1044 intra
1157 971 1553 1047 liminacogit.
1610 1024 1630 1036 ,

328 1051 444 1124 Olli
473 1049 819 1126 convenere,
844 1050 1146 1128 fluuntque
1175 1050 1244 1107 ad
1274 1049 1431 1126 regia
1456 1048 1643 1126 plenis

326 1130 511 1187 Tecta
536 1129 662 1187 viis.
749 1128 927 1188 Sedet
951 1129 1011 1186 in
1039 1127 1266 1202 mediis,
1295 1137 1357 1185 et
1382 1128 1676 1185 maximus
1694 1145 1841 1204 aevo,

333 1208 408 1265 Et
432 1208 653 1285 primus
681 1207 938 1285 sceptris,
966 1207 1122 1265 haud
1147 1206 1281 1264 laetfi
1307 1205 1512 1282 fronte,
1543 1206 1801 1264 Latinus.

326 1289 517 1363 Atque
543 1285 641 1344 hic
667 1286 886 1361 legatos
914 1285 1108 1345 AEtolii
1137 1304 1212 1343 ex
1236 1285 1384 1343 urbe
1411 1285 1678 1345 remissos

330 1366 480 1435 Quae
510 1365 755 1423 reserant
781 1365 885 1423 sari
904 1364 1091 1441 jubet,
1123 1373 1180 1422 et
1207 1381 1479 1440 responsa
1505 1364 1754 1441 reposcit
1803 1431 1809 1436 ,

328 1443 546 1502 Ordine
574 1452 784 1502 cuncta
809 1463 931 1501 suo.
1016 1443 1172 1500 Tum
1199 1442 1348 1500 facta
1375 1442 1603 1516 silentia
1628 1442 1858 1519 linguis,
1942 1491 1948 1499 .

334 1522 410 1580 Et
436 1522 720 1597 Venulus,
750 1522 901 1597 dicto
972 1540 1156 1595 arenS,
1185 1520 1265 1577 ita
1290 1517 1460 1578 farier
1487 1521 1651 1582 infit:

326 1599 618 1675 Vidimus,
648 1620 683 1657 o
711 1600 888 1673 cives,
917 1540 1204 1657 ssiomede
1233 1599 1562 1675 Argivaque
1589 1606 1810 1673 castra3
1839 1675 1850 1682 „
1899 1625 1902 1630 ·

324 1680 538 1755 Atque,
567 1678 675 1736 iter
702 1677 940 1753 emensi,
969 1696 1134 1734 casus
1162 1677 1558 1754 superavimus
1585 1696 1829 1753 omnes;

229 1749 237 1757 ’
326 1755 804 1834 contigimusque
830 1771 1065 1813 manum
1095 1756 1208 1833 qua
1235 1756 1489 1834 concidit
1519 1755 1628 1814 Ilia
1653 1755 1844 1815 tellus.

226 1850 239 1863 ·
327 1834 434 1891 llle
460 1835 661 1894 urbem
686 1835 1047 1912 Argyripam,
1070 1834 1272 1911 patriae
1302 1835 1643 1910 cognomine
1671 1831 1878 1914 gentis,

332 1912 530 1971 Victor
557 1914 808 1990 Gargani
835 1912 1121 1990 condebat
1149 1914 1210 1971 Ia
1257 1915 1383 1989 ygis
1411 1913 1578 1971 arvis·

323 1989 634 2068 Postquam
660 1992 1009 2067 introgressi,
1039 2000 1100 2049 et
1124 2009 1222 2050 cor
1259 2011 1317 2049 m
1346 1992 1478 2049 data
1505 1991 1672 2068 copia
1695 1990 1872 2072 faxidi,

322 2068 572 2127 Munera
592 2070 968 2148 praeferimus,
996 2088 1211 2128 nomen
1237 2070 1594 2148 patriamque
1621 2070 1896 2132 docemus
1911 2090 1937 2146 3

216 2212 227 2221 l
324 2147 443 2219 Qui
470 2148 685 2208 bellum
713 2150 1029 2225 intulerint,
1059 2169 1186 2227 quae
1217 2169 1395 2208 causa
1423 2150 1718 2208 attraxerit
1741 2152 1947 2228 Arpos.

321 2227 552 2287 Auditis
579 2226 678 2286 ille
705 2227 834 2287 haec
860 2229 1087 2307 placido
1115 2229 1198 2287 sic
1227 2228 1476 2287 reddidit
1501 2247 1601 2288 ore
1625 2248 1641 2286 :

323 2305 376 2364 Ο
403 2305 702 2365 fortunatae
731 2316 951 2384 gentes,
984 2308 1249 2366 Saturnia
1275 2327 1470 2383 regna,

318 2386 563 2463 Antiqui
590 2386 855 2461 Ausonii,
883 2405 1017 2462 quae.
1041 2406 1145 2445 vos
1171 2385 1398 2444 fortuna
1424 2385 1648 2463 quietos

323 2463 623 2540 Sollicitat,
653 2465 968 2541 suadetque
994 2464 1193 2541 ignota
1217 2465 1503 2522 lacessere
1529 2463 1728 2522 bella?

322 2540 696 2620 Quicumque
727 2543 933 2601 Iliacos
958 2542 1106 2603 ferro
1134 2543 1480 2600 violavimus
1510 2550 1692 2617 agros,
1949 2586 1950 2591 κ

329 2618 533 2695 (Mitto
563 2640 632 2679 ea
660 2640 789 2697 quae
819 2621 995 2678 muris
1020 2619 1290 2678 bellando
1319 2620 1605 2687 exhausta
1633 2619 1740 2678 sub
1768 2619 1916 2695 altis,

323 2698 487 2767 Quos
516 2699 728 2756 Simois
754 2705 975 2776 premat
999 2697 1098 2769 ilie
1123 2696 1327 2775 viros,)
1364 2697 1599 2763 infanda
1623 2704 1726 2775 pei·
1753 2698 1960 2756 orbem

323 2775 635 2853 Supplicia,
665 2784 726 2834 et
750 2775 1031 2854 scelerum
1060 2788 1260 2852 poenas
1288 2775 1676 2853 expendimus
1705 2795 1927 2853 omnes,

319 2852 435 2911 Vel
464 2853 693 2912 Priamo
720 2854 1043 2933 miseranda
1064 2873 1290 2935 manus.
1379 2851 1502 2927 Scit
1527 2855 1687 2914 triste
1715 2856 2001 2916 Minervae

323 2932 516 3009 Sidus,
544 2941 604 2991 et
629 2932 913 2991 Euboicae
942 2940 1159 3007 cauteS,
1188 2932 1456 3009 ultorque
1485 2934 1846 3012 Caphereus·

320 3012 538 3070 Militia
566 3031 641 3069 ex
666 3011 766 3069 illa
795 3011 1084 3069 diversum
1112 3011 1183 3069 ad
1211 3011 1370 3070 littus
1398 3013 1605 3090 adacti,

319 3091 551 3149 Atrides
577 3090 773 3150 Protei
801 3089 1109 3149 Menelaus
1138 3091 1396 3168 adusque
1423 3091 1722 3151 columnas
1789 3153 1793 3158 ,

320 3168 604 3243 Exsulat3
647 3168 895 3227 AEtneos
919 3169 1067 3227 vidit
1091 3169 1382 3247 Cyclopas
1410 3169 1672 3247 Ulysses.
1853 3242 1862 3246 ³

319 3246 529 3322 Regna
553 3246 926 3326 Neoptolemi
954 3247 1553 3327 referam,'versosque
1581 3249 1833 3306 Penates

321 3324 665 3391 Idomenei?
745 3325 1397 3404 Libyconeaehabitantes
1422 3327 1611 3385 littore
1638 3325 1854 3384 Locros
1877 3327 1901 3383 ?

320 3401 454 3479 Ipse
483 3404 823 3480 Mycenaeus
850 3423 1182 3482 magnorum
1212 3405 1420 3479 ductor
1442 3401 1732 3463 Achivum
1806 3411 1810 3415 ’

319 3479 602 3557 Conjugis
629 3481 878 3541 insandae
900 3484 1088 3560 prima
1112 3484 1259 3541 intra
1285 3483 1485 3540 limina
1510 3481 1712 3539 dextra

321 3556 617 3634 Oppetiit;
660 3560 945 3629 devictam
974 3561 1175 3619 Asiam
1205 3560 1465 3619 subsedit
1490 3560 1749 3618 adulter:
1812 3614 1816 3622 .

320 3635 604 3695 Invidisse
632 3638 770 3696 deos
796 3639 992 3716 patriis
1018 3646 1085 3697 ut
1110 3638 1366 3696 redditus
1394 3638 1504 3696 aris
1723 3655 1752 3703 ἃ

319 3713 675 3791 conjugium
702 3724 959 3793 optatum
989 3723 1047 3774 et
1071 3716 1370 3792 pulchram
1400 3715 1700 3792 Calydona
1724 3716 2032 3776 viderem?

317 3789 495 3850 Nunc
522 3792 694 3850 etiam
720 3792 977 3850 horribili
1003 3793 1132 3849 visu
1160 3788 1425 3868 portenta
1449 3803 1782 3887 sequuntur,

317 3866 403 3931 Et
426 3870 567 3928 socii
595 3869 790 3929 amissi
816 3869 1107 3945 petierunt
1131 3869 1344 3926 aethera
1368 3888 1599 3949 pennis,

2169 584 2288 638 230

2167 973 2286 1030 235

2165 1367 2286 1423 '240

2167 1762 2283 1816 245

2101 2154 2286 2208 ·250

2166 2545 2283 2600 25⁵

2165 2936 2283 3024 260

2164 3328 2283 3385 265

2077 3708 2282 3776 ‘2¹⁷0
