2717 4300
348 340 459 430 ειη
1170 369 1533 429 Διιπιιιιιοει

348 522 638 600 Longus
619 542 679 581 m
708 535 993 598 occasum,
1021 522 1168 581 fines
1194 541 1370 599 super
1393 539 1577 596 usque
1606 519 1885 580 Sicanos:

356 603 612 660 Aurunci
637 602 956 679 Rutulique
981 608 1196 675 serunt,
1224 609 1284 660 et
1309 618 1543 658 vomere
1570 599 1740 658 duros

354 680 651 739 Exercent
670 680 871 773 colles,
901 687 1071 756 atque
1097 678 1303 737 horum
1332 677 1648 755 asperrima
1666 685 1927 769 pascunt.

355 759 504 817 Haec
531 758 715 816 omnis
743 758 918 834 regio,
948 766 1008 816 et
1032 757 1173 815 celsi
1199 757 1369 835 plaga
1392 756 1568 832 pinea
1594 755 1824 831 montis,
1934 821 1939 830 J
2190 760 2310 816 320

355 837 543 895 Cedat
569 836 835 894 amicitiae
864 837 1261 907 Teucrorum;
1278 841 1366 892 et
1389 834 1620 892 soederis
1647 833 1841 911 aequas

354 914 632 973 Dicamus
659 914 838 990 leges,
866 914 1166 990 sociosque
1193 913 1252 971 in
1282 931 1476 1004 regna·
1484 931 1796 984 vocemus.

354 993 692 1068 Considant,
721 993 771 1051 si
798 1001 986 1055 tantus
1014 1012 1188 1067 amor,
1211 999 1278 1049 et
1302 990 1516 1048 moenia
1544 990 1850 1049 condant..

354 1071 458 1128 Sin
487 1070 627 1129 alios
654 1071 799 1129 fines
827 1071 1110 1147 aliamque
1136 1089 1206 1130 ea
1247 1087 1438 1128 essere
1464 1076 1696 1144 gentem
2047 1137 2055 1142 ἱ

353 1148 466 1207 Est
492 1145 734 1224 animus,
762 1158 1117 1226 poscuntque
1144 1167 1208 1207 so
1232 1168 1294 1205 o
1283 1147 1579 1205 decedere
1607 1155 1837 1238 nostro·
1820 1189 1838 1222 ,
2193 1152 2309 1206 325

352 1221 458 1285 Bis
484 1227 663 1286 denas
695 1227 838 1286 Italo
865 1236 1125 1288 texamus
1152 1210 1353 1286 robore
1380 1244 1578 1300 naves,
2051 1233 2054 1238 '

355 1305 474 1364 Seu
499 1301 694 1398 plnres
719 1305 1025 1398 complere
1040 1304 1270 1363 valent·
1304 1307 1464 1383 jacet
1490 1303 1678 1362 omnis
1704 1303 1775 1361 ad
1802 1304 2016 1364 undam

352 1380 667 1442 Materies·
650 1427 668 1458 ,
711 1384 823 1462 ipsi
847 1402 1262 1466 numerumque
1290 1383 1644 1459 modumque
1671 1381 1879 1450 carinis
1931 1437 1938 1442 ,

353 1462 738 1540 Praecipiant3
782 1482 888 1521 nos
914 1482 1046 1535 aera,
1075 1481 1300 1534 manus,
1330 1461 1556 1519 navalia
1582 1461 1803 1519 demus.

353 1540 660 1616 Praeterea,
689 1542 786 1617 qui
812 1541 966 1602 dicta
989 1540 1174 1598 ferant
1199 1548 1258 1597 et
1281 1533 1498 1597 foedera
1524 1539 1771 1614 firment,
2064 1563 2074 1570 ·
2135 1585 2141 1592 .
2191 1541 2334 1620 330.

353 1619 605 1677 Centum
631 1628 881 1677 oratores
908 1617 1094 1695 prima
1120 1617 1194 1674 de
1220 1625 1394 1692 gente
1420 1617 1659 1675 Latinos

356 1697 450 1755 Ire
476 1697 684 1774 placet,
712 1696 985 1774 pacisque
1013 1705 1187 1752 manu
1213 1697 1570 1786 praetendere
1597 1713 1819 1752 ramos·
1803 1737 1821 1768 ,

353 1774 608 1833 Munera
630 1783 920 1852 portantes
949 1773 1183 1849 aurique
1210 1772 1512 1850 eborisque
1539 1773 1773 1848 talenta,

353 1853 437 1911 Et
461 1854 660 1912 sellam
689 1853 850 1930 regni
876 1851 1289 1929 trabeamque
1272 1852 1523 1928 insignia
1547 1851 1745 1910 nostri.

348 1931 699 1991 Consulite
682 1952 742 1990 ιιι
771 1931 1044 2006 medium,
1072 1939 1132 1988 et
1156 1930 1326 1989 rebus
1353 1930 1667 1989 succurrite
1695 1928 1878 1992 fessis.
2194 1934 2310 2004 335

432 2010 588 2068 Τιιιιι
616 2012 875 2074 Drances
902 2009 1059 2067 idem
1086 2007 1365 2083 infensuS,
1394 2028 1564 2084 quem
1594 2008 1774 2083 gloria
1800 2007 1985 2067 Turni

354 2088 605 2167 Obliqua
632 2087 851 2146 invidia
877 2085 1237 2181 stimulisque
1266 2087 1516 2164 agitabat
1540 2086 1765 2163 amaris,

352 2168 573 2244 Largus
601 2187 793 2245 opum,
822 2176 881 2226 et
906 2164 1105 2244 lingua
1130 2166 1351 2241 melior,
1381 2167 1484 2225 sed
1509 2166 1715 2242 frigida
1739 2165 1894 2225 bello

359 2246 629 2323 Dextera,
658 2246 913 2305 consiliis
938 2245 1168 2304 habitus
1197 2265 1311 2306 non
1339 2245 1520 2308 sutilis
1547 2255 1762 2320 auctor,

356 2326 653 2385 Seditione
679 2333 920 2403 potens·
905 2368 922 2399 ,
966 2344 1149 2401 genus
1175 2324 1314 2399 huie
1342 2334 1599 2384 materna
1625 2322 1935 2401 superbum
2195 2327 2311 2383 340

351 2403 641 2465 Nobilitas
668 2404 858 2479 dabat,
885 2404 1167 2463 incertum
1193 2404 1268 2465 de
1293 2411 1453 2480 patre
1479 2400 1775 2461 ferebant·
1757 2444 1780 2476 ,

355 2483 551 2560 Surgit
577 2492 637 2542 et
661 2482 753 2541 his
778 2491 976 2542 onerat
1003 2482 1189 2557 dictis,
1219 2491 1392 2559 atque
1420 2489 1651 2556 aggerat
1676 2481 1825 2539 iras·

430 2562 586 2620 Rem
613 2561 758 2620 nulli
785 2561 1104 2635 obscuram,
1133 2568 1342 2618 nostrae
1369 2579 1480 2618 nec
1506 2559 1667 2627 vocis
1693 2566 1981 2634 egentem,

353 2641 644 2716 Consulis,
673 2661 708 2698 o
733 2636 907 2697 bone
912 2658 1050 2698 rex.
1094 2639 1288 2696 cuncti
1315 2657 1380 2695 se
1407 2637 1555 2696 scire
1582 2635 1831 2695 fatentur

356 2719 514 2794 Quid
543 2719 771 2777 fortuna
795 2717 939 2775 ferat
965 2715 1199 2794 populi;
1243 2715 1346 2773 sed
1374 2716 1566 2773 dicere
1595 2723 1869 2773 mussant.
2196 2719 2312 2773 345

355 2782 474 2855 Det
499 2796 819 2855 libertatem
844 2793 1022 2870 fandi,
1049 2794 1331 2869 flatusque
1356 2794 1629 2869 remittat,

354 2876 542 2954 Cujus
569 2876 642 2936 ob
673 2872 991 2966 auspicium
1017 2871 1332 2931 infaustum
1360 2890 1666 2948 moresque
1693 2872 1950 2932 sinistros

362 2955 602 3032 (Dicam
631 2953 937 3045 equidem,
947 2946 1086 3012 licet
1111 2969 1270 3010 arma
1293 2951 1439 3009 mihi
1466 2954 1827 3029 mortemque
1854 2948 2130 3027 minetur)

357 3032 605 3091 Lumina
628 3040 712 3091 tot
738 3030 1029 3097 cecidisse
1049 3032 1279 3105 ducum,
1307 3038 1601 3107 totamque
1626 3031 1894 3090 videmus

355 3111 706 3171 Consedisse
733 3109 937 3169 urbem
965 3109 1145 3184 luctu,
1176 3110 1317 3167 dum
1345 3109 1528 3167 Troia
1550 3117 1736 3169 tentat
1913 3150 1921 3157 -
2198 3109 2314 3164 350

355 3190 576 3266 Castra,
587 3190 756 3267 sugae
787 3189 997 3282 fidem,
1021 3197 1080 3247 et
1104 3189 1316 3248 coelum
1345 3188 1562 3247 territat
1588 3186 1777 3245 armis.

356 3268 557 3328 Unum
585 3269 760 3331 etiam
788 3268 954 3326 donis
981 3268 1124 3344 istis,
1152 3286 1280 3345 quse
1306 3266 1551 3344 plurima
1577 3265 1727 3325 mitti

356 3347 704 3409 Dardanidis
731 3347 963 3425 dicique
980 3346 1173 3482 ¹mbas,
1203 3364 1406 3420 unum,
1435 3345 1651 3420 optime
1680 3361 1900 3427 regum,

358 3424 653 3503 Adjicias3
694 3445 806 3484 nec
835 3433 891 3484 te
917 3425 975 3484 ul
1001 3444 1088 3484 rus
1114 3424 1393 3483 violentia
1416 3423 1626 3496 vincat,

357 3502 525 3573 Quin
547 3511 777 3579 gnatam
804 3503 1034 3580 egregio
1063 3521 1274 3579 genero
1302 3501 1606 3576 dignisque
1631 3497 1955 3576 hymenaeis
2200 3501 2316 3557 355

357 3581 482 3639 Des
549 3593 686 3657 ater,
716 3591 775 3640 et
799 3600 1002 3659 pacem
1028 3581 1179 3639 hanc
1206 3588 1422 3637 aeterno
1448 3578 1663 3639 soedere
1690 3577 1903 3636 firmes.

358 3602 546 3731 Quodl
565 3660 614 3718 si
640 3668 831 3718 tantus
856 3658 1040 3717 habet
1057 3669 1282 3716 mentes
1307 3665 1369 3714 et
1393 3664 1629 3733 pectora
1653 3664 1848 3731 terror,

360 3738 388 3795 Ι
390 3757 560 3815 psum
591 3737 958 3809 obtestemur,
986 3736 1332 3810 veniamque
1359 3753 1589 3791 oremus
1616 3732 1732 3792 ab
1716 3753 1876 3812 rps03

358 3816 610 3889 Cedat,
585 3834 682 3906 Jus
708 3812 996 3902 proprium
1025 3812 1148 3885 regi
1165 3811 1487 3887 patriaeque
1515 3812 1780 3871 remittat.
1859 3829 1864 3833 ·

360 3891 521 3962 Quid
547 3892 786 3949 miseros
813 3887 980 3946 toties
1007 3887 1067 3944 in
1096 3895 1309 3963 aperta
1316 3888 1576 3963 pericula
1600 3891 1758 3977 cives
2200 3892 2318 3946 360

2697 265 2711 356 ⁴—
