2717 4300
349 280 462 338 232
1141 273 1511 335 AENmDos

355 430 453 488 sie
482 428 562 487 ait
586 427 986 502 illacrymans:
1029 424 1269 482 humero
1297 423 1466 481 simul
1496 423 1659 482 exuit
1685 440 1885 481 ensem

350 509 653 581 Auratum,
683 505 827 562 mira
854 523 1026 579 quem
1054 503 1266 561 fecerat
1294 512 1413 559 arte
1440 504 1676 578 Lycaon
1783 554 1788 557 ,

353 586 626 659 Gnosius,
656 593 824 660 atque
852 582 1103 639 habilem
1132 582 1342 657 vagina
1372 582 1592 657 aptarat
1619 579 1855 638 eburna.
2202 583 2319 640 305

350 665 472 722 Dat
494 664 644 721 Niso
671 660 1020 720 Mnestheus
1047 660 1261 737 pellem
1291 660 1690 736 horrentisque
1717 658 1904 717 leonis

351 743 613 800 Exuvias
637 761 673 818 :—
695 740 917 816 galeam
946 739 1095 796 fidus
1116 745 1403 816 permutat
1429 739 1646 795 Aletes.

310 859 317 863 -
351 819 634 877 Protenus
662 818 862 876 armati
887 818 1200 889 incedunt3
1244 835 1388 893 quos
1417 817 1603 873 omnis
1632 824 1834 873 euntes

350 897 675 955 Primorum
703 915 906 954 manus
935 897 1007 953 ad
1033 904 1225 973 portas
1245 897 1646 973 juvenumque
1675 913 1995 971 senumque

350 975 724 1052 Prosequitur
747 974 896 1033 votis
922 994 935 1030 ε
979 993 1088 1031 nec
1116 994 1232 1031 non
1263 983 1319 1031 et
1345 973 1590 1050 pulcher
1617 973 1796 1047 Iulus,
2200 977 2317 1031 310

351 1054 506 1111 Ante
534 1073 716 1111 annos
745 1054 1114 1127 animumque
1142 1071 1347 1127 gerens
1373 1070 1686 1126 curamque
1711 1052 1959 1129 virilem,

351 1131 544 1189 Multa
567 1132 715 1209 patri
741 1132 1019 1208 portanda
1045 1130 1218 1189 dabat
1242 1132 1543 1203 mandata3
1588 1129 1690 1187 sed
1720 1150 1870 1187 aurae

353 1209 566 1267 Omnia
593 1210 941 1286 discerpunt,
970 1216 1030 1266 et
1055 1208 1306 1266 nubibus
1332 1209 1489 1267 irrita
1515 1209 1747 1265 donant.

430 1287 668 1363 Egressi
696 1296 965 1365 superant
993 1287 1193 1362 fossas,
1220 1288 1520 1364 noctisque
1545 1306 1652 1364 per
1678 1286 1943 1344 umbram

352 1363 554 1422 Castra
578 1366 813 1423 inimica
837 1374 1063 1444 petunt,
1093 1366 1284 1423 multis
1312 1374 1504 1423 tamen
1535 1362 1665 1423 ante
1693 1364 1870 1423 futuri
2202 1370 2319 1426 315

353 1441 572 1501 Exitio.
655 1444 880 1502 Passim
910 1463 1113 1500 somno
1138 1445 1390 1519 vinoque
1418 1463 1524 1520 per
1548 1442 1787 1501 herbam

352 1519 610 1597 Corpora
635 1521 763 1578 fusa
785 1523 1019 1593 vident3
1065 1530 1310 1579 arrectos
1332 1520 1522 1579 littore
1548 1540 1763 1596 currus,

298 1639 302 1643 Α
353 1597 513 1656 Inter
537 1598 659 1655 lora
683 1607 950 1674 rotasque
977 1598 1169 1671 viros3
1214 1597 1383 1655 simul
1413 1618 1567 1655 arma
1584 1601 1801 1676 jacere,

352 1674 511 1733 Vina
536 1675 727 1734 simul.
811 1676 977 1734 Prior
1003 1676 1352 1752 Hyrtacides
1381 1677 1463 1734 sic
1491 1695 1589 1733 ore
1617 1674 1841 1735 locutus
1865 1677 1880 1734 ἑ

352 1752 630 1830 Euryale,
660 1754 987 1812 audendum
1017 1754 1254 1811 dextra:
1297 1773 1453 1812 nunc
1482 1755 1605 1831 ipsa
1631 1764 1799 1813 vocat
1823 1774 1932 1813 res.
2198 1761 2318 1816 320

353 1830 486 1889 Hac
513 1832 623 1890 iter
650 1840 774 1890 est:
817 1841 901 1908 tu,
930 1850 1006 1890 ne
1034 1850 1149 1926 qua
1175 1852 1378 1892 manus
1407 1851 1468 1890 se
1498 1831 1755 1891 attollere
1781 1833 1949 1891 nobis

352 1910 407 1966 A
434 1916 594 1985 tergo
620 1910 819 1987 possit,
849 1911 1092 1985 custod1‚
1123 1919 1181 1968 et
1208 1912 1447 1968 consule
1473 1909 1665 1986 longe.

352 1986 502 2045 Haec
531 2006 639 2065 ego
665 1998 827 2047 vasta
852 1987 1019 2065 dabo,
1050 1996 1109 2046 et
1132 1988 1247 2046 lato
1275 1996 1333 2047 te
1360 1989 1543 2046 limite
1572 1990 1798 2047 ducam.

355 2063 452 2122 Sic
478 2076 779 2143 memorat,
807 2085 1128 2142 vocemque
1154 2066 1398 2145 premit:
1443 2067 1612 2124 simul
1635 2087 1779 2134 ense
1806 2067 2115 2145 superbum
2209 2072 2214 2075 ’

349 2143 744 2204 Rhamnetem
772 2146 1113 2223 aggreditur,
1144 2146 1244 2223 qui
1270 2143 1413 2204 forte
1443 2146 1728 2223 tapetibus
1756 2145 1884 2206 altis
2196 2151 2317 2205 325

350 2222 695 2283 Exstructus
720 2232 840 2284 toto
866 2225 1145 2302 proflabat
1168 2234 1402 2303 pectore
1431 2244 1696 2283 somnum
1719 2245 1736 2299 3

348 2300 487 2359 Rex
511 2303 688 2380 idem,
717 2310 776 2363 et
799 2304 922 2379 regi
950 2303 1149 2361 Turno
1176 2303 1528 2380 gratissimus
1557 2322 1767 2379 augur:

353 2378 471 2436 Sed
499 2400 613 2439 non
645 2382 880 2456 augurio
908 2383 1093 2458 potuit
1120 2381 1411 2459 depellere
1437 2390 1679 2458 pestem.

349 2456 495 2516 Tres
515 2457 688 2536 juxta
709 2459 961 2517 famulos
989 2457 1205 2518 temere
1235 2460 1385 2517 inter
1410 2459 1526 2517 tela
1543 2461 1826 2537 jacentes,

348 2535 829 2614 Armigerumque
858 2537 1032 2601 Remi
1062 2539 1286 2614 premit,
1317 2538 1688 2613 aurigamque
1718 2537 1825 2594 sub
1852 2537 1993 2615 ipsis
2195 2542 2315 2595 330

266 2688 271 2693 .
347 2612 573 2672 Nactus
602 2615 783 2693 equis,
813 2615 1073 2691 ferroque
1102 2624 1258 2673 secat
1283 2615 1597 2691 pendentia
1623 2615 1789 2673 colla.
2155 2617 2162 2621 ’

347 2690 505 2748 Tum
534 2703 709 2770 caput
737 2694 850 2771 ipsi
878 2694 1061 2751 aufert
1086 2694 1340 2767 domin0,
1369 2701 1752 2770 truncumque
1780 2694 2051 2772 relinquit

350 2768 644 2844 Sanguine
673 2771 1084 2846 singultantem
1106 2792 1120 2805 ·
1165 2778 1284 2828 atro
1311 2770 1595 2848 tepefacta
1621 2791 1822 2830 cruore

347 2846 528 2905 Terra
553 2850 778 2925 torique
806 2849 1056 2908 madent.
1141 2850 1202 2908 N
1205 2869 1273 2907 ec
1303 2870 1420 2907 non
1452 2851 1897 2928 Lamyrumque,
1926 2852 2311 2931 Lamumque,

345 2924 428 2983 Et
444 2928 725 3002 juvenem
757 2929 1084 3004 Sarranum,
1106 2928 1205 2985 illa
1233 2929 1329 3005 qui
1359 2928 1606 3006 plurima
1632 2940 1802 2989 nocte
1832 2954 1837 2965 ·
2194 2933 2311 2985 335

346 3003 608 3080 Luserat,
636 3006 876 3081 insignis
903 3006 1069 3081 facie,
1100 3006 1398 3083 multoque
1417 3007 1651 3086 jacebat

345 3081 616 3144 Membra
641 3084 752 3141 deo
778 3085 1000 3142 victus:
1051 3085 1191 3143 felix
1219 3086 1266 3143 si
1294 3094 1568 3162 protenus
1594 3085 1757 3142 illum

343 3159 661 3234 AEqufisset
686 3162 843 3218 nocti
871 3162 1092 3234 ludum,
1121 3165 1182 3218 in
1209 3164 1517 3236 lucemque
1541 3160 1800 3216 tulisset!

347 3234 634 3311 Impastus
661 3256 770 3295 ceu
798 3236 974 3315 plena
999 3238 1091 3295 leo
1118 3257 1224 3314 per
1251 3238 1425 3294 ovilia
1451 3238 1703 3307 turbans,

349 3313 564 3372 Suadet
592 3317 747 3372 enim
775 3334 988 3372 vesana
1014 3316 1212 3389 fames,
1243 3316 1575 3391 manditque
1603 3311 1890 3388 trahitque
2192 3315 2310 3368 340

345 3388 757 3468 Molle¹pecus,
788 3402 1124 3470 mutumque
1154 3401 1309 3450 metu
1333 3413 1348 3465 3
1393 3393 1582 3450 fremit
1608 3409 1704 3448 ore
1732 3398 1989 3449 cruento.

345 3467 477 3526 Nec
505 3471 692 3527 minor
716 3472 959 3548 Euryali
986 3473 1209 3530 caedes:
1236 3472 1521 3528 ‘incensus
1551 3477 1609 3527 et
1634 3470 1759 3545 ipse

234 3564 247 3569 “
344 3545 610 3622 Perfurit,
641 3569 707 3607 ac
735 3551 971 3617 multam
1000 3551 1057 3607 in
1090 3550 1280 3607 medio
1309 3551 1433 3606 sine
1462 3548 1698 3605 nomine
1727 3547 1981 3625 plebem,

345 3624 705 3702 Fadumque,
736 3627 1180 3702 Herbesumque
1211 3628 1380 3701 subit,
1409 3628 1827 3704 Rhoetumque,
1854 3626 2226 3704 Arabimque,

348 3701 621 3777 Ignaros3
664 3704 944 3762 Rhoetum
973 3706 1306 3778 vigilantem
1336 3715 1394 3762 et
1422 3715 1627 3764 cuncta
1653 3704 1965 3784 videntem,
2122 3722 2131 3730 ·
2191 3708 2307 3762 345
2381 3772 2392 3781 ,

349 3780 465 3839 Sed
494 3802 764 3857 magnum
793 3791 1058 3839 metuens
1087 3801 1148 3838 se
1174 3793 1307 3859 post
1333 3793 1552 3842 cratera
1577 3786 1843 3862 tegebat;
