2717 4300
1127 329 1364 386 LIBER.
1401 333 1559 390 v111.
2220 332 2323 386 211

378 476 692 553 Obstupuit
717 484 874 535 tanto
900 496 1207 555 percussus
1235 481 1470 538 nomine
1497 479 1687 538 Pallas
1711 499 1725 537 τ

376 557 690 632 Egredere,
720 576 754 612 o
783 557 1126 633 quicumque
1155 577 1237 633 es,
1267 559 1363 631 ait,
1392 556 1704 633 coramque
1729 566 2027 635 parentem

377 635 706 708 Alloquere,
738 654 803 692 ac
831 636 1035 692 nostris
1063 636 1310 693 succede
1337 635 1652 694 Penatibus
1679 637 1784 693 hos
1827 654 1907 694 es.

382 714 740 788 Excepitque
770 714 1361 789 manu,'dextramque
1391 714 1692 790 amplexus
1720 715 1780 772 in
1825 715 1968 774 aesit.

376 790 671 864 Progressi
698 791 944 849 subeunt
969 792 1122 865 luc0,
1149 792 1503 867 fluviumque
1531 793 1875 869 relinquunt.
2144 814 2150 822 ·
2217 795 2328 849 125

454 869 607 925 Tum
636 888 826 944 regem
855 867 1076 927 AEneas
1103 870 1273 944 dictis
1297 869 1501 928 affatur
1528 870 1725 929 amicis
1749 890 1763 929 ε

378 946 613 1023 Optime
643 948 1055 1024 Grajugenfim,
1085 948 1181 1005 cui
1209 942 1301 1005 me
1328 948 1554 1005 fortuna
1577 943 1817 1025 precari,

377 1026 459 1082 Et
485 1025 625 1082 vitta
655 1034 913 1101 comptos
939 1026 1122 1082 voluit
1147 1028 1503 1102 praetendere
1532 1046 1736 1101 ramos,

377 1104 515 1161 Non
544 1103 814 1178 equidem
842 1104 1086 1161 extimui
1114 1104 1384 1161 Danaum
1407 1102 1570 1181 'quod
1597 1104 1799 1163 ductor
1825 1112 1884 1163 et
1907 1107 2109 1181 Arcas,

382 1179 670 1256 Quddque
699 1180 768 1237 ab
797 1182 972 1257 stirpe
999 1181 1149 1240 sores
1177 1182 1421 1256 geminis
1448 1185 1787 1259 conjunctus
1813 1183 2067 1256 Atridis;
2218 1185 2331 1239 130

382 1259 498 1316 Sed
524 1278 656 1315 mea
679 1277 773 1315 me
802 1260 998 1333 virtuS,
1028 1267 1084 1317 et
1113 1267 1309 1316 sancta
1334 1260 1565 1317 oracula
1592 1260 1811 1337 divfim,

380 1336 737 1412 Cognatique
762 1345 970 1411 patreS,
999 1344 1098 1394 tua
1123 1337 1285 1395 terris
1313 1338 1493 1396 didita
1517 1338 1688 1412 sama,

380 1412 753 1491 conjunxere
781 1415 905 1490 tibi,
935 1423 993 1472 et
1020 1414 1150 1472 satis
1178 1413 1347 1489 egere
1377 1415 1683 1474 volentem.

379 1494 700 1566 Dardanus,
731 1491 927 1549 Iliacae
951 1494 1167 1570 primus
1192 1501 1354 1569 pater
1380 1493 1537 1551 urbis
1565 1502 1624 1552 et
1649 1500 1864 1571 auctor,

379 1570 632 1645 Electra,
661 1578 727 1628 ut
755 1571 911 1627 Graii
938 1571 1262 1648 perhibent,
1291 1572 1587 1631 Atlantide
1613 1580 1820 1649 cretus,
1865 1643 1871 1648 ἱ
2220 1575 2330 1629 135

378 1649 704 1707 Advehitur
730 1649 984 1707 Teucros
1009 1670 1021 1706 :
1069 1649 1356 1707 Electram
1387 1650 1671 1708 maximus
1698 1650 1863 1709 Atlas

379 1727 599 1802 Edidit,
630 1726 894 1783 aetherios
920 1727 1163 1784 humero
1192 1728 1289 1803 qui
1318 1727 1561 1786 sustinet
1586 1727 1770 1786 orbes.

380 1805 564 1863 Vobis
593 1805 917 1862 Mercurius
945 1814 1106 1882 pater
1133 1815 1237 1879 est,
1268 1824 1441 1880 quem
1470 1807 1716 1865 candida
1741 1806 1906 1864 Maia

380 1883 640 1960 Cyllenae
669 1883 859 1958 gelido
888 1891 1234 1960 conceptum
1264 1885 1478 1941 vertice
1505 1884 1690 1956 sudit3

379 1963 459 2019 At
484 1961 727 2036 Maiam,
757 1961 963 2019 auditis
991 1962 1040 2018 si
1066 1962 1379 2037 quidquam
1409 1963 1716 2038 credimuS,
1743 1961 1928 2037 Atlas,
2223 1966 2332 2019 140

383 2039 546 2097 Idem
574 2038 736 2097 Atlas
763 2048 998 2114 generat
1024 2039 1155 2097 coeli
1183 2040 1280 2115 qui
1308 2041 1497 2097 sidera
1523 2041 1685 2098 tollit.

384 2118 479 2176 Sic
507 2135 689 2194 genus
718 2118 1011 2175 amborum
1039 2118 1248 2176 scindit
1275 2120 1336 2176 se
1359 2119 1638 2194 sanguine
1667 2118 1741 2176 ab
1763 2137 1898 2176 uno.

382 2196 492 2254 His
521 2197 713 2271 fretus„
742 2216 859 2253 non
886 2197 1124 2271 legatos,
1152 2215 1343 2272 neque
1370 2197 1557 2272 prima
1580 2216 1685 2273 per
1711 2204 1889 2253 artem

380 2274 765 2332 Tentamenta
788 2274 872 2332 tui
886 2275 1128 2351 -pepigit
1171 2293 1285 2348 me,
1315 2294 1409 2350 me
1434 2274 1580 2352 ipse,
1608 2292 1917 2349 meumque

383 2353 591 2431 Objeci
619 2360 806 2430 caput,
836 2361 895 2411 et
920 2355 1163 2430 supplex
1192 2353 1261 2410 ad
1289 2352 1489 2409 limina
1513 2352 1665 2410 veni.
2223 2356 2333 2409 145

384 2431 543 2489 Gens
572 2431 794 2506 eadem,
823 2450 954 2508 quoe
981 2440 1057 2505 te,
1087 2430 1304 2489 crudeli
1332 2429 1568 2488 Daunia
1590 2429 1746 2487 bello

385 2509 749 2585 Insequitur:
792 2530 897 2568 nos
926 2510 975 2568 si
1000 2509 1236 2586 pellant,
1266 2507 1413 2565 nihil
1442 2508 1633 2576 abfore
1661 2507 1901 2565 credunt
1947 2559 1952 2563 .

384 2587 544 2658 Quin
572 2607 802 2645 omnem
832 2588 1174 2665 Hesperiam
1201 2582 1433 2664 penitus
1461 2606 1565 2644 sua
1591 2585 1698 2643 sub
1717 2587 1858 2664 juga
1886 2584 2131 2661 mittant,

383 2665 465 2724 Et
490 2684 645 2723 mare
673 2666 826 2744 quod
855 2663 1026 2744 supra
1052 2674 1305 2739 teneant,
1334 2667 1604 2741 quodque
1632 2664 1792 2722 alluit
1817 2661 1980 2721 infra.

382 2744 601 2819 Accipe
631 2744 817 2820 daque
845 2744 1019 2801 fidem
1043 2764 1056 2801 :
1100 2753 1235 2803 sunt
1261 2743 1427 2800 nobis
1454 2743 1623 2801 sortia
1646 2742 1800 2801 bello
2225 2744 2336 2800 150

382 2821 641 2896 Pectora,
670 2829 802 2880 sunt
829 2821 1023 2896 animi,
1052 2832 1111 2879 et
1135 2821 1305 2879 rebus
1333 2828 1583 2898 spectata
1606 2820 1902 2899 juventus·

459 2899 702 2957 Dixerat
729 2899 948 2956 AEneas
971 2917 985 2954 ε
1028 2899 1127 2955 ille
1154 2919 1217 2956 os
1245 2899 1557 2975 oculosque
1587 2897 1869 2974 loquentis

381 2977 512 3035 Jam
542 2978 758 3036 dudum
788 2984 847 3034 et
871 2983 1055 3034 totum
1082 2975 1353 3034 lustrabat
1378 2976 1598 3034 lumine
1626 2995 1850 3052 corpus.

385 3055 538 3113 Tum
567 3057 649 3113 sic
675 3074 862 3132 pauca
887 3052 1093 3111 refert:
1138 3053 1224 3112 Ut
1247 3061 1327 3128 te,
1353 3052 1658 3111 fortissime
1685 3051 2000 3128 Teucrum,

384 3133 628 3209 Accipio
656 3149 1016 3208 agnoscoque
1043 3131 1230 3189 libens
1253 3132 1266 3186 Ξ
1309 3138 1374 3188 ut
1398 3131 1573 3188 verba
1600 3131 1849 3208 parentis
2226 3132 2337 3186 155

385 3211 468 3269 Et
491 3210 993 3269 vocem-Anchisae
1023 3208 1217 3283 magni
1243 3206 1585 3285 vult-umque
1612 3209 1909 3266 recordor!
2231 3222 2258 3240 r

384 3289 540 3347 Nam
568 3288 806 3345 memini
832 3288 1111 3345 Hesionae
1138 3286 1423 3344 visentem
1452 3296 1628 3361 regna
1654 3285 1860 3343 sororis

385 3366 910 3424 Laomedontiaden
937 3365 1253 3438 Priamum,
1285 3362 1577 3421 Salamina
1602 3371 1918 3439 petentem,

385 3442 668 3502 Protenus
695 3443 956 3501 Arcadiae
985 3442 1204 3519 gelidos
1231 3440 1479 3498 invisere
1506 3441 1669 3498 fines.

383 3520 538 3579 Tum
569 3521 709 3579 mihi
736 3521 924 3597 prima
947 3539 1122 3595 genas
1148 3517 1394 3577 vestibat
1420 3519 1559 3576 flore
1578 3520 1860 3595 juventa3
2222 3523 2334 3576 160

385 3597 753 3676 Mirabarque
781 3599 959 3656 duces
986 3597 1282 3669 Teucros3
1325 3595 1572 3653 mirabar
1598 3603 1657 3653 et
1679 3595 1874 3672 ipsum

384 3675 913 3734 Laomedontiaden
938 3695 952 3731 t
995 3676 1097 3732 sed
1124 3674 1346 3732 cunctis
1376 3673 1540 3731 altior
1564 3672 1684 3731 ibat

384 3753 688 3811 Anchises,
772 3752 926 3809 Mihi
951 3770 1117 3810 mens
1136 3752 1399 3829 juvenali
1428 3750 1661 3809 ardebat
1688 3768 1880 3808 amore

385 3830 748 3907 Compellare
774 3828 983 3902 virum,
1012 3837 1072 3886 et
1096 3830 1311 3888 dextrae
1340 3831 1691 3906 conjungere
1719 3827 2018 3886 dextram:
