2717 4300
1267 291 1594 361 mmm

2302 296 2421 507 ἴε

454 442 680 505 Italiam
710 460 904 522 quoero
929 441 1190 521 patriam,
1219 462 1405 520 genus
1433 443 1504 502 ab
1529 443 1678 501 Jove
1705 460 1971 501 summo:

453 525 560 584 Bis
588 524 754 582 denis
781 522 1101 599 Phrygium
1129 523 1444 581 conscendi
1470 522 1714 579 navibus
1743 540 1959 597 aequor,

456 604 647 662 Matre
674 602 786 659 dea
813 609 1170 660 monstrante
1198 601 1372 676 viam,
1401 602 1533 659 data
1558 600 1674 658 sata
1698 609 1965 659 secutus·
1949 642 1967 674 ,

456 681 578 739 Vix
605 689 826 758 septem
853 680 1145 737 convulsae
1172 681 1342 738 undis
1368 679 1643 756 Euroque
1671 686 1994 757 supersunt.

459 757 592 836 Ipse
620 760 867 834 ignotuS,
897 777 1095 835 egens,
1125 758 1329 834 Libyae
1357 759 1586 816 deserta
1608 776 1871 835 peragro,

458 837 697 914 Europa
726 846 894 914 atque
922 838 1065 894 Asia
1085 837 1309 914 pulsus·
1392 837 1525 895 Nec
1551 836 1716 914 plura
1740 843 2079 914 querentem
2303 839 2421 901 38³

457 915 639 975 Passa
665 915 890 990 Venus,
918 916 1112 973 medio
1140 915 1224 973 sic
1252 915 1519 974 interfata
1544 915 1740 974 dolore
1768 923 1894 973 est.

538 993 815 1071 Quisquis
843 1013 926 1068 eS,
953 994 1128 1069 haud,
1157 993 1395 1069 credo,
1378 994 1598 1051 invisus
1624 993 1954 1053 coelestibus
1981 1012 2146 1053 auras

459 1073 682 1131 Vitales
709 1072 913 1166 car-pm,
942 1072 1179 1149 Tyriam
1205 1073 1304 1149 qui
1332 1072 1633 1131 adveneris
1660 1072 1878 1131 urbem.

461 1151 647 1228 Perge
673 1152 867 1226 mod0‚
898 1159 1070 1228 atque
1097 1151 1235 1208 hinc
1261 1158 1318 1208 te
1346 1151 1558 1226 reginae
1587 1152 1659 1209 ad
1686 1151 1886 1209 limina
1910 1149 2116 1229 perfer.

461 1229 523 1290 N
526 1249 730 1307 amque
756 1230 861 1288 tibi
888 1230 1129 1289 reduces
1157 1231 1342 1288 socios
1369 1230 1727 1306 classemque
1756 1229 1992 1288 relatam
2303 1230 2420 1291 390

461 1309 703 1384 Νιιιιιὶο,
732 1317 790 1367 et
815 1309 876 1367 in
904 1318 1091 1367 tutum
1118 1308 1297 1365 versis
1325 1307 1710 1402 Aquilonibus
1739 1316 1960 1366 actam·
1945 1350 1962 1383 ,

459 1387 540 1447 N
524 1407 543 1444 1
570 1387 773 1446 frustra
802 1387 1102 1464 augurium
1128 1386 1266 1444 vani
1291 1384 1541 1444 docuere
1566 1395 1853 1463 parentes.

460 1466 714 1543 Adspice
740 1466 829 1524 bis
858 1485 1029 1524 senos
1055 1465 1314 1523 laetantes
1342 1464 1571 1540 agmine
1598 1483 1831 1540 cycnos,

460 1544 729 1602 AEtheria
755 1564 899 1622 quos
924 1545 1085 1622 lapsa
1108 1542 1279 1621 plaga
1302 1543 1466 1601 Jovis
1495 1543 1614 1603 ales
1642 1552 1838 1621 aperto

460 1622 755 1681 Turbabat
779 1623 965 1680 coelo:
1009 1641 1163 1681 nunc
1189 1630 1366 1681 terras
1394 1622 1595 1680 ordine
1621 1621 1794 1698 longo
2305 1624 2423 1683 89⁸

460 1703 581 1761 Aut
605 1711 844 1778 capere
837 1709 958 1759 a-ut
983 1698 1180 1778 captas
1197 1703 1322 1778 jam
1349 1701 1683 1776 despectare
1709 1701 1994 1761 videntur.
2302 1696 2309 1703 ’

421 1781 547 1840 Ut
573 1781 812 1837 reduces
841 1772 923 1837 illi
950 1780 1161 1850 ludunt
1186 1779 1557 1837 stridentibus
1584 1779 1709 1854 alis,

460 1858 544 1916 Et
569 1867 720 1916 coetu
748 1856 984 1916 cinxere
1011 1858 1229 1935 polum,
1257 1866 1574 1933 cantusque
1602 1854 1851 1916 dedere·
1835 1899 1854 1930 ,

462 1937 640 1997 Haud
668 1937 831 1994 aliter
855 1955 1196 2014 puppesque
1222 1946 1357 2011 tuae,
1386 1935 1684 2028 pubesque
1711 1945 1959 2010 tuorum,

461 2017 583 2074 Aut
606 2023 839 2111 portum
861 2023 1039 2091 tenet,
1069 2023 1167 2073 aut
1192 2015 1367 2093 pleno
1394 2015 1547 2073 subit
1572 2013 1720 2074 ostia
1747 2014 1895 2073 velo.
2134 2012 2141 2019 ’
2306 2017 2425 2075 400

393 2059 454 2141 )(
461 2093 648 2171 Perge
676 2091 870 2170 mod0‚
899 2102 970 2153 et
984 2113 1101 2171 qua
1127 2102 1184 2153 te
1213 2094 1372 2152 ducit
1397 2094 1492 2153 via
1518 2094 1698 2178 dirige
1725 2112 2003 2168 gressum.
2056 2096 2147 2154 m!
2150 2118 2253 2194 'T‘z

540 2173 725 2248 Dixit,
754 2181 814 2232 et
840 2192 947 2231 ave
1036 2192 1105 2230 ns
1131 2173 1298 2230 rosea
1323 2174 1573 2243 cervice
1577 2171 1815 2247 refulsit,

462 2251 899 2327 Ambrosiasque
927 2271 960 2310 c
1062 2270 1111 2308 ae
1140 2251 1401 2309 divinum
1428 2250 1643 2309 vertice
1670 2250 1906 2320 odorem
1989 2245 2189 2316 ‹5ch

466 2327 805 2407 Spiravere·
790 2373 807 2404 ‚
850 2331 1029 2416 pedes
1060 2329 1235 2387 vestis
1262 2328 1508 2387 defluxit
1535 2327 1649 2386 ad
1632 2347 1782 2386 unos
1804 2345 1901 2402 μγ
2120 2385 2128 2394 ,

417 2407 545 2473 Et
569 2427 708 2467 vera
732 2408 962 2466 incessu
991 2409 1175 2486 patuit
1200 2408 1328 2465 dea.
1415 2407 1542 2482 Ille,
1571 2405 1673 2465 ubi
1701 2414 1942 2465 matrem
2052 2377 2081 2446 f
2307 2408 2426 2466 4oe

461 2488 735 2562 Agnovit,
765 2487 864 2545 tali
890 2486 1207 2563 fugientem
1236 2495 1324 2546 est
1346 2506 1494 2544 voce
1521 2494 1796 2544 secutus.

465 2565 625 2637 Quid
651 2574 847 2624 natum
880 2568 1065 2640 toties,
1094 2566 1341 2626 crudelis
1367 2573 1430 2624 tu
1458 2584 1709 2659 quoque,
1737 2564 1894 2623 falsis

464 2644 644 2701 Ludis
672 2642 1051 2720 imaginibus.
1042 2647 1063 2689 >
1105 2664 1208 2702 cur
1232 2645 1495 2702 dextrae
1469 2663 1717 2723 jungere
1745 2644 2006 2702 dextram

463 2721 525 2779 N
528 2742 600 2780 on
631 2722 813 2797 datur,
844 2741 909 2780 ac
935 2742 1099 2781 veras
1128 2723 1324 2781 audire
1352 2731 1414 2781 et
1439 2723 1678 2781 reddere
1705 2741 1914 2781 voces.
1903 2725 1925 2767 >

464 2798 707 2859 Talibus
735 2802 975 2876 incusat,
1002 2820 1380 2879 gressumque
1409 2802 1479 2860 ad
1509 2801 1724 2863 moenia
1750 2800 1951 2860 tendit.
2308 2802 2429 2859 410

462 2880 545 2937 At
571 2879 775 2938 Venus
802 2879 1042 2938 obscuro
1069 2881 1396 2955 gradientes
1425 2883 1557 2938 aere
1585 2900 1648 2939 se
1647 2881 1781 2957 psit,

466 2957 549 3015 Et
575 2957 754 3016 multo
781 2958 1009 3016 nebulae
1037 2956 1256 3016 circum
1284 2959 1396 3016 dea
1421 2958 1566 3029 fudit
1592 2959 1824 3034 amictu,

466 3036 719 3095 Cernere
746 3056 821 3095 ne
849 3038 976 3114 quis
1004 3056 1124 3111 eos,
1151 3054 1269 3095 neu
1295 3037 1425 3114 quis
1453 3038 1786 3126 contingere
1813 3044 2029 3114 posset,

466 3114 736 3174 Molirive
763 3135 1002 3191 moram,
1031 3124 1131 3176 aut
1153 3115 1428 3174 veniendi
1452 3121 1692 3193 poscere
1719 3134 1937 3175 causas.

468 3192 603 3271 Ipsa
627 3194 897 3272 Paphum
925 3193 1188 3253 sublimis
1217 3194 1354 3268 abit,
1385 3195 1667 3271 sedesque
1694 3194 1891 3253 revisit
2307 3197 2428 3254 415

466 3273 631 3331 Laeta
658 3293 809 3349 suas,
836 3273 938 3331 ubi
966 3272 1246 3350 templum
1260 3273 1378 3348 ulli,
1408 3282 1757 3349 centumque
1787 3271 1994 3330 Sabaeo
2406 3303 2413 3312 ·

466 3349 667 3411 Thure
694 3352 888 3410 calent
913 3372 1044 3427 arae,
1073 3351 1352 3428 sertisque
1382 3351 1708 3411 recentibus
1733 3351 1948 3410 halant.
2048 3379 2052 3383 ·

543 3428 890 3509 Corripuere
915 3431 1069 3489 viam
1097 3430 1335 3506 interea,
1365 3430 1480 3506 qua
1507 3429 1713 3489 semita
1740 3434 2031 3489 monstrat.

463 3508 711 3586 Jamque
740 3508 1128 3568 ascendebant
1155 3508 1366 3567 collem
1393 3507 1494 3585 qui
1519 3507 1801 3587 plurimus
1828 3506 1956 3567 urbi

467 3587 761 3664 Imminet,
790 3587 1171 3663 adversasque
1200 3589 1495 3680 adspectat
1520 3588 1772 3666 desuper
1797 3605 1974 3647 arces.
2309 3588 2428 3649 420

464 3666 715 3725 Miratur
739 3666 951 3725 molem
979 3666 1221 3742 AEneas‚
1250 3665 1498 3742 magalia
1521 3668 1848 3743 quondam·
1833 3710 1850 3742 ,

467 3745 714 3804 Miratur
739 3754 947 3822 portas,
977 3746 1408 3840 strepitumque,
1438 3753 1496 3805 et
1522 3754 1696 3806 strata
1718 3746 1956 3805 viarum.

469 3824 693 3883 Instant
719 3823 982 3959 ardentess
1001 3809 1210 3936 fyrirt
1252 3844 1384 3903 pars
1410 3825 1622 3885 ducere
1649 3843 1868 3903 murm,
1980 3877 2033 3924 s,
