2717 4300
350 329 421 385 48
1016 328 1586 387 GEORGICORUM

327 478 331 483 ’
353 478 513 539 Nam
537 477 690 558 saepe
719 479 965 538 incautis
991 481 1310 573 pastoribus
1337 481 1597 539 excidit
1580 481 1751 556 ignis,

354 559 474 630 Qui
500 560 693 617 furtim
720 560 919 636 pingui
947 557 1196 635 primum
1227 559 1332 615 sub
1363 561 1576 617 cortice
1604 564 1790 618 tectus

254 634 267 661 ³
351 639 588 696 Robora
613 637 1004 728 comprendit,
1021 637 1366 713 frondesque
1395 636 1666 714 elapsus
1650 658 1711 695 m
1739 638 1884 698 altas

280 725 289 735 ‘
339 716 656 792 ,Ingentem
685 715 830 772 coelo
859 715 1110 772 sonitum
1137 715 1338 772 dedit:
1380 715 1517 771 inde
1543 725 1778 774 secutus

350 794 466 852 Per
491 813 679 851 ramos
705 793 889 851 victor
913 811 1130 869 perque
1159 793 1270 850 alta
1296 793 1599 862 cacumina
1622 803 1840 871 regnat,

351 872 434 930 Et
459 880 645 934 totum
672 872 769 928 inv
774 872 917 928 olvit
941 870 1186 927 flammis
1214 889 1443 944 nemuS,
1472 881 1532 928 et
1558 872 1673 930 ruit
1698 880 1876 931 atram

351 950 445 1006 Ad
473 949 685 1007 coelum
712 951 879 1041 picea
909 968 1132 1006 crassus
1160 949 1407 1040 caligine
1436 949 1689 1006 nubem·
1674 993 1691 1024 ‚

350 1028 674 1086 Praesertim
703 1029 750 1084 si
779 1036 1088 1103 tempestas
1117 1046 1151 1083 a
1177 1029 1394 1085 vertice
1421 1027 1579 1085 silvis

352 1105 644 1181 Incubuit,
672 1105 1067 1181 glomeratque
1095 1105 1284 1162 serens
1312 1106 1582 1163 incendia
1608 1114 1837 1164 ventus.

352 1183 484 1241 Hoc
512 1184 634 1259 ubi,
661 1203 778 1240 non
809 1203 843 1240 a
870 1185 1045 1260 stirpe
1073 1183 1285 1257 valent,
1315 1202 1600 1258 caesaeque
1630 1185 1839 1258 reverti

351 1260 622 1337 Possunt,
653 1270 824 1338 atque
852 1260 1214 1318 imai‘similes
1240 1261 1591 1319 revirescere
1619 1262 1808 1320 temi‘.

352 1339 565 1397 Infelix
593 1347 824 1417 superat
848 1338 1000 1396 foliis
1028 1340 1272 1397 oleaster
1299 1339 1523 1396 amaris.
1791 1356 1800 1363 ⁸

427 1419 489 1476 N
492 1437 558 1476 ec
586 1418 692 1477 tibi
719 1426 836 1476 tam
864 1419 1117 1494 prudens
1145 1419 1449 1494 quisquam
1479 1418 1826 1494 persuadeat
1853 1428 2052 1478 auctor

352 1496 651 1554 Tellurem
681 1497 870 1555 Borea
899 1497 1141 1575 rigidam
1170 1497 1421 1573 spirante
1450 1496 1708 1554 moveri·

351 1575 514 1634 Rura
539 1575 674 1650 gelu
702 1582 830 1633 tum
852 1574 1077 1632 claudit
1103 1567 1308 1648 hiemS,
1338 1594 1448 1632 nec
1477 1575 1699 1632 semine
1719 1577 1881 1654 jacto

351 1654 695 1711 Concretam
720 1653 932 1730 patitur
958 1653 1209 1709 radicem
1239 1652 1467 1729 affigere
1495 1662 1680 1711 terrae.

351 1731 587 1808 Optima
612 1732 820 1790 vinetis
849 1731 1012 1804 satie,
1041 1750 1220 1824 quum
1248 1750 1385 1788 vere
1416 1732 1644 1790 rubenti

352 1810 617 1868 Candida
641 1811 802 1867 venit
829 1810 949 1866 avis
976 1809 1206 1885 longis
1190 1810 1379 1867 invisa
1404 1806 1692 1868 colubris·
1677 1853 1696 1884 ,

351 1889 547 1946 Prima
572 1888 666 1946 vel
695 1889 957 1946 autumni
985 1887 1092 1945 sub
1119 1888 1347 1967 frigora,
1377 1908 1559 1964 quum
1587 1889 1833 1980 rapidus
1850 1888 1951 1947 Sol

351 1968 630 2026 Nondum
660 1967 913 2024 hiemem
944 1968 1226 2042 contingit
1252 1967 1437 2042 equis,
1458 1970 1583 2044 jam
1609 1967 1863 2044 praeterit
1888 1974 2078 2028 aestas.

427 2046 552 2103 Ver
580 2043 723 2104 adeo
753 2046 953 2103 frondi
967 2062 1290 2118 nemorum,
1320 2063 1421 2102 ver
1446 2046 1588 2104 utile
1614 2045 1812 2103 silvis.

350 2123 506 2183 Vere
535 2132 764 2183 tument
789 2133 974 2199 terrae,
1004 2132 1064 2183 et
1089 2124 1361 2200 genitalia
1387 2125 1609 2184 semina
1633 2132 1954 2202 poscunt··

350 2202 505 2266 Tum
533 2212 695 2281 pater
722 2205 1091 2280 omnipotens
1113 2204 1396 2262 foecundis
1423 2203 1705 2262 imbribus
1729 2203 1946 2262 AEther

350 2282 676 2361 Conjugis
660 2302 717 2339 1n
750 2283 1032 2358 gremium
1061 2283 1210 2342 laetae
1240 2282 1558 2357 descendit,
1587 2291 1646 2341 et
1672 2301 1875 2342 omnes

348 2361 605 2436 Magnus
635 2361 752 2437 alit,
783 2377 991 2437 magno
1019 2362 1372 2418 commixtus
1399 2376 1657 2436 corpore,
1686 2360 1896 2418 scetus:

347 2440 501 2498 Avia
527 2448 653 2497 tum
681 2448 951 2497 resonant
978 2439 1178 2496 avibus
1203 2438 1454 2512 virgulta
1480 2438 1719 2512 canoris„

349 2516 432 2575 Et
457 2518 753 2575 Venerem
782 2517 951 2574 certis
980 2523 1245 2592 repetunt
1271 2514 1527 2572 armenta
1554 2513 1810 2572 diebus:

347 2595 599 2653 Parturit
626 2596 809 2652 almus
839 2614 1009 2670 ager:
1053 2594 1407 2670 zephyrique
1435 2593 1761 2669 tepentibus
1790 2592 1941 2651 auris

350 2674 578 2731 Laxant
604 2692 738 2730 arva
765 2673 959 2745 sinus;
1004 2682 1232 2749 superat
1258 2681 1422 2729 tener
1447 2670 1716 2740 omnibus
1743 2672 1986 2730 humor·
1970 2715 1990 2748 ‚

351 2751 537 2830 Inque
565 2771 747 2809 novos
775 2752 924 2809 soles
953 2753 1167 2809 audent
1193 2769 1255 2807 se
1283 2750 1540 2825 gramina
1565 2746 1690 2807 tuto

351 2828 642 2904 Credere;
685 2837 795 2887 n'ec
823 2830 1028 2887 metuit
1055 2837 1354 2904 surgentes
1382 2829 1690 2904 pampinus
1718 2836 1960 2905 austros,

349 2909 470 2965 Aut
496 2916 685 2966 actum
714 2907 859 2965 coelo
888 2908 1110 2983 magnis
1138 2906 1505 2983 aquilonibus
1532 2906 1811 2974 imbrem·
1796 2951 1813 2982 ‚

353 2987 470 3044 Sed
496 2986 672 3044 trudit
699 3006 975 3061 gemmaS‚
1005 2996 1063 3045 et
1090 2986 1319 3044 frondes
1347 2986 1601 3061 exphcat
1626 3005 1851 3045 omnes·

427 3065 490 3124 N
493 3085 566 3122 on
596 3063 737 3122 alios
763 3065 950 3141 prima:
974 3064 1282 3122 crescentis
1310 3064 1531 3140 origine
1558 3066 1764 3123 mundi

352 3144 621 3202 Illuxisse
650 3143 793 3216 dies,
824 3143 1074 3200 aliumve
1100 3142 1376 3200 habuisse
1404 3152 1683 3217 tenorem,

351 3222 756 3280 Crediderim:
795 3241 897 3279 ver
922 3221 1062 3278 illud
1095 3229 1233 3294 erat,
1261 3240 1364 3278 ver
1390 3240 1633 3296 magnus
1662 3219 1868 3296 agebat

352 3300 542 3376 Orbis,
573 3310 631 3359 et
654 3301 911 3359 hibernis
938 3299 1249 3377 parcebant
1273 3299 1502 3356 flatibus
1531 3299 1698 3372 Euri,

352 3379 553 3450 Quum
580 3380 780 3456 primae
808 3379 1000 3437 lucem
1028 3379 1283 3455 pecudes
1314 3376 1578 3451 hausere,
1606 3374 1916 3452 virumque

349 3458 566 3515 Ferrea
590 3458 894 3535 progenies
922 3458 1082 3516 duris
1113 3463 1288 3542 caput
1314 3457 1523 3515 extulit
1549 3455 1715 3530 arvis,
1791 3475 1796 3479 ·

353 3536 754 3613 Immissaeque
780 3535 916 3594 ferae
948 3537 1126 3611 silviS,
1155 3535 1215 3593 et
1238 3535 1430 3592 sidera
1455 3532 1618 3590 coelo,

351 3612 414 3674 N
417 3635 484 3673 ec
511 3634 602 3676 res
627 3615 787 3673 hunc
815 3622 1029 3673 tencrae
1056 3618 1293 3690 possent
1316 3609 1567 3687 perferre
1583 3608 1870 3684 laborem,

355 3693 418 3751 Si
445 3713 562 3751 non
591 3701 750 3751 tanta
775 3693 940 3769 quies
962 3692 1078 3749 iret
1102 3691 1399 3765 frigusque
1427 3687 1792 3764 caloremque

353 3771 531 3844 Inter,
561 3780 621 3829 et
647 3771 940 3846 exciperet
965 3768 1096 3825 creli
1123 3763 1484 3850 indulgentia
1510 3774 1703 3824 terras·

2195 1035 2313 1090 310

2193 1425 2312 1480 315

2195 1817 2332 1904 320'

2196 2209 2311 2263 325

2107 2625 2113 2630 ·
2193 2598 2311 2651 330

2195 2988 2311 3043 335

2195 3378 2311 3432 340

2195 3740 2311 3823 ³4⁵

434 3850 607 3929 Quod
635 3855 911 3924 superest,
940 3861 1327 3920 quaecumque
1352 3857 1585 3918 premes
1611 3843 1856 3920 virgulta
1880 3862 1985 3920 per
2002 3859 2194 3917 agroS,
